ts_unix_ms,ts_dt_utc,symbol,n_trades_1s,sum_qty_1s,vwap_1s,buy_qty_1s,sell_qty_1s,buy_notional_1s,sell_notional_1s
1771365750355,2026-02-17 22:02:30.355000,BTCUSDT,0,0.0,,0.0,0.0,0.0,0.0
1771365750355,2026-02-17 22:02:30.355000,ETHUSDT,0,0.0,,0.0,0.0,0.0,0.0
1771365750355,2026-02-17 22:02:30.355000,SOLUSDT,0,0.0,,0.0,0.0,0.0,0.0
1771365750355,2026-02-17 22:02:30.355000,BNBUSDT,0,0.0,,0.0,0.0,0.0,0.0
1771365750355,2026-02-17 22:02:30.355000,XRPUSDT,1,40.3,1.4819,40.3,0.0,59.720569999999995,0.0
1771365751361,2026-02-17 22:02:31.361000,BTCUSDT,0,0.0,,0.0,0.0,0.0,0.0
1771365751361,2026-02-17 22:02:31.361000,ETHUSDT,0,0.0,,0.0,0.0,0.0,0.0
1771365751361,2026-02-17 22:02:31.361000,SOLUSDT,0,0.0,,0.0,0.0,0.0,0.0
1771365751361,2026-02-17 22:02:31.361000,BNBUSDT,0,0.0,,0.0,0.0,0.0,0.0
1771365751361,2026-02-17 22:02:31.361000,XRPUSDT,0,0.0,,0.0,0.0,0.0,0.0
1771365752367,2026-02-17 22:02:32.367000,BTCUSDT,0,0.0,,0.0,0.0,0.0,0.0
1771365752367,2026-02-17 22:02:32.367000,ETHUSDT,0,0.0,,0.0,0.0,0.0,0.0
1771365752367,2026-02-17 22:02:32.367000,SOLUSDT,0,0.0,,0.0,0.0,0.0,0.0
1771365752367,2026-02-17 22:02:32.367000,BNBUSDT,0,0.0,,0.0,0.0,0.0,0.0
1771365752367,2026-02-17 22:02:32.367000,XRPUSDT,0,0.0,,0.0,0.0,0.0,0.0
1771365753376,2026-02-17 22:02:33.376000,BTCUSDT,0,0.0,,0.0,0.0,0.0,0.0
1771365753376,2026-02-17 22:02:33.376000,ETHUSDT,0,0.0,,0.0,0.0,0.0,0.0
1771365753376,2026-02-17 22:02:33.376000,SOLUSDT,0,0.0,,0.0,0.0,0.0,0.0
1771365753376,2026-02-17 22:02:33.376000,BNBUSDT,0,0.0,,0.0,0.0,0.0,0.0
1771365753376,2026-02-17 22:02:33.376000,XRPUSDT,0,0.0,,0.0,0.0,0.0,0.0
1771365754381,2026-02-17 22:02:34.381000,BTCUSDT,0,0.0,,0.0,0.0,0.0,0.0
1771365754381,2026-02-17 22:02:34.381000,ETHUSDT,1,1.522,1997.4,0.0,1.522,0.0,3040.0428
1771365754381,2026-02-17 22:02:34.381000,SOLUSDT,0,0.0,,0.0,0.0,0.0,0.0
1771365754381,2026-02-17 22:02:34.381000,BNBUSDT,1,0.3,618.2,0.3,0.0,185.46,0.0
1771365754381,2026-02-17 22:02:34.381000,XRPUSDT,0,0.0,,0.0,0.0,0.0,0.0
1771365755391,2026-02-17 22:02:35.391000,BTCUSDT,1,0.031,67605.2,0.0,0.031,0.0,2095.7612
1771365755391,2026-02-17 22:02:35.391000,ETHUSDT,1,1.522,1997.4,0.0,1.522,0.0,3040.0428
1771365755391,2026-02-17 22:02:35.391000,SOLUSDT,1,3.79,85.16,0.0,3.79,0.0,322.7564
1771365755391,2026-02-17 22:02:35.391000,BNBUSDT,0,0.0,,0.0,0.0,0.0,0.0
1771365755391,2026-02-17 22:02:35.391000,XRPUSDT,1,34.1,1.4818,0.0,34.1,0.0,50.52938
1771365756403,2026-02-17 22:02:36.403000,BTCUSDT,1,0.003,67605.1,0.0,0.003,0.0,202.8153
1771365756403,2026-02-17 22:02:36.403000,ETHUSDT,0,0.0,,0.0,0.0,0.0,0.0
1771365756403,2026-02-17 22:02:36.403000,SOLUSDT,0,0.0,,0.0,0.0,0.0,0.0
1771365756403,2026-02-17 22:02:36.403000,BNBUSDT,1,0.38,618.2,0.0,0.38,0.0,234.91600000000003
1771365756403,2026-02-17 22:02:36.403000,XRPUSDT,0,0.0,,0.0,0.0,0.0,0.0
1771365757410,2026-02-17 22:02:37.410000,BTCUSDT,1,0.02,67601.3,0.0,0.02,0.0,1352.026
1771365757410,2026-02-17 22:02:37.410000,ETHUSDT,0,0.0,,0.0,0.0,0.0,0.0
1771365757410,2026-02-17 22:02:37.410000,SOLUSDT,0,0.0,,0.0,0.0,0.0,0.0
1771365757410,2026-02-17 22:02:37.410000,BNBUSDT,0,0.0,,0.0,0.0,0.0,0.0
1771365757410,2026-02-17 22:02:37.410000,XRPUSDT,1,44.4,1.4818000000000002,44.4,0.0,65.79192,0.0
1771365758420,2026-02-17 22:02:38.420000,BTCUSDT,1,0.035,67601.3,0.035,0.0,2366.0455,0.0
1771365758420,2026-02-17 22:02:38.420000,ETHUSDT,1,0.823,1997.4000000000003,0.0,0.823,0.0,1643.8602
1771365758420,2026-02-17 22:02:38.420000,SOLUSDT,2,48.72,85.16923645320198,48.72,0.0,4149.4452,0.0
1771365758420,2026-02-17 22:02:38.420000,BNBUSDT,0,0.0,,0.0,0.0,0.0,0.0
1771365758420,2026-02-17 22:02:38.420000,XRPUSDT,0,0.0,,0.0,0.0,0.0,0.0
1771365759426,2026-02-17 22:02:39.426000,BTCUSDT,0,0.0,,0.0,0.0,0.0,0.0
1771365759426,2026-02-17 22:02:39.426000,ETHUSDT,0,0.0,,0.0,0.0,0.0,0.0
1771365759426,2026-02-17 22:02:39.426000,SOLUSDT,0,0.0,,0.0,0.0,0.0,0.0
1771365759426,2026-02-17 22:02:39.426000,BNBUSDT,1,0.41,618.2,0.41,0.0,253.46200000000002,0.0
1771365759426,2026-02-17 22:02:39.426000,XRPUSDT,1,50.4,1.4822,0.0,50.4,0.0,74.70288
1771365760437,2026-02-17 22:02:40.437000,BTCUSDT,0,0.0,,0.0,0.0,0.0,0.0
1771365760437,2026-02-17 22:02:40.437000,ETHUSDT,1,1.047,1997.4,1.047,0.0,2091.2778,0.0
1771365760437,2026-02-17 22:02:40.437000,SOLUSDT,1,4.63,85.16,0.0,4.63,0.0,394.2908
1771365760437,2026-02-17 22:02:40.437000,BNBUSDT,0,0.0,,0.0,0.0,0.0,0.0
1771365760437,2026-02-17 22:02:40.437000,XRPUSDT,0,0.0,,0.0,0.0,0.0,0.0
1771365761446,2026-02-17 22:02:41.446000,BTCUSDT,1,0.02,67601.3,0.0,0.02,0.0,1352.026
1771365761446,2026-02-17 22:02:41.446000,ETHUSDT,0,0.0,,0.0,0.0,0.0,0.0
1771365761446,2026-02-17 22:02:41.446000,SOLUSDT,0,0.0,,0.0,0.0,0.0,0.0
1771365761446,2026-02-17 22:02:41.446000,BNBUSDT,0,0.0,,0.0,0.0,0.0,0.0
1771365761446,2026-02-17 22:02:41.446000,XRPUSDT,1,101.2,1.4822,101.2,0.0,149.99864,0.0
1771365762456,2026-02-17 22:02:42.456000,BTCUSDT,0,0.0,,0.0,0.0,0.0,0.0
1771365762456,2026-02-17 22:02:42.456000,ETHUSDT,0,0.0,,0.0,0.0,0.0,0.0
1771365762456,2026-02-17 22:02:42.456000,SOLUSDT,0,0.0,,0.0,0.0,0.0,0.0
1771365762456,2026-02-17 22:02:42.456000,BNBUSDT,0,0.0,,0.0,0.0,0.0,0.0
1771365762456,2026-02-17 22:02:42.456000,XRPUSDT,0,0.0,,0.0,0.0,0.0,0.0
1771365763464,2026-02-17 22:02:43.464000,BTCUSDT,1,0.02,67601.3,0.0,0.02,0.0,1352.026
1771365763464,2026-02-17 22:02:43.464000,ETHUSDT,2,1.209,1997.5669148056243,0.4,0.809,799.0,1616.0584000000001
1771365763464,2026-02-17 22:02:43.464000,SOLUSDT,0,0.0,,0.0,0.0,0.0,0.0
1771365763464,2026-02-17 22:02:43.464000,BNBUSDT,0,0.0,,0.0,0.0,0.0,0.0
1771365763464,2026-02-17 22:02:43.464000,XRPUSDT,0,0.0,,0.0,0.0,0.0,0.0
1771365764472,2026-02-17 22:02:44.472000,BTCUSDT,1,0.013,67601.3,0.013,0.0,878.8169,0.0
1771365764472,2026-02-17 22:02:44.472000,ETHUSDT,0,0.0,,0.0,0.0,0.0,0.0
1771365764472,2026-02-17 22:02:44.472000,SOLUSDT,0,0.0,,0.0,0.0,0.0,0.0
1771365764472,2026-02-17 22:02:44.472000,BNBUSDT,1,0.1,618.2,0.0,0.1,0.0,61.82000000000001
1771365764472,2026-02-17 22:02:44.472000,XRPUSDT,0,0.0,,0.0,0.0,0.0,0.0
1771365765479,2026-02-17 22:02:45.479000,BTCUSDT,1,0.013,67601.3,0.013,0.0,878.8169,0.0
1771365765479,2026-02-17 22:02:45.479000,ETHUSDT,0,0.0,,0.0,0.0,0.0,0.0
1771365765479,2026-02-17 22:02:45.479000,SOLUSDT,1,4.4,85.17,4.4,0.0,374.74800000000005,0.0
1771365765479,2026-02-17 22:02:45.479000,BNBUSDT,1,0.11,618.2,0.0,0.11,0.0,68.00200000000001
1771365765479,2026-02-17 22:02:45.479000,XRPUSDT,0,0.0,,0.0,0.0,0.0,0.0
1771365766486,2026-02-17 22:02:46.486000,BTCUSDT,1,0.014,67601.3,0.014,0.0,946.4182000000001,0.0
1771365766486,2026-02-17 22:02:46.486000,ETHUSDT,0,0.0,,0.0,0.0,0.0,0.0
1771365766486,2026-02-17 22:02:46.486000,SOLUSDT,0,0.0,,0.0,0.0,0.0,0.0
1771365766486,2026-02-17 22:02:46.486000,BNBUSDT,0,0.0,,0.0,0.0,0.0,0.0
1771365766486,2026-02-17 22:02:46.486000,XRPUSDT,1,77.0,1.4825,0.0,77.0,0.0,114.15249999999999
1771365767496,2026-02-17 22:02:47.496000,BTCUSDT,1,0.035,67601.3,0.0,0.035,0.0,2366.0455
1771365767496,2026-02-17 22:02:47.496000,ETHUSDT,1,0.719,1997.5999999999997,0.719,0.0,1436.2743999999998,0.0
1771365767496,2026-02-17 22:02:47.496000,SOLUSDT,0,0.0,,0.0,0.0,0.0,0.0
1771365767496,2026-02-17 22:02:47.496000,BNBUSDT,1,0.18,618.2,0.0,0.18,0.0,111.27600000000001
1771365767496,2026-02-17 22:02:47.496000,XRPUSDT,0,0.0,,0.0,0.0,0.0,0.0
1771365768506,2026-02-17 22:02:48.506000,BTCUSDT,0,0.0,,0.0,0.0,0.0,0.0
1771365768506,2026-02-17 22:02:48.506000,ETHUSDT,0,0.0,,0.0,0.0,0.0,0.0
1771365768506,2026-02-17 22:02:48.506000,SOLUSDT,0,0.0,,0.0,0.0,0.0,0.0
1771365768506,2026-02-17 22:02:48.506000,BNBUSDT,0,0.0,,0.0,0.0,0.0,0.0
1771365768506,2026-02-17 22:02:48.506000,XRPUSDT,0,0.0,,0.0,0.0,0.0,0.0
1771365769511,2026-02-17 22:02:49.511000,BTCUSDT,0,0.0,,0.0,0.0,0.0,0.0
1771365769511,2026-02-17 22:02:49.511000,ETHUSDT,0,0.0,,0.0,0.0,0.0,0.0
1771365769511,2026-02-17 22:02:49.511000,SOLUSDT,1,5.78,85.18,0.0,5.78,0.0,492.34040000000005
1771365769511,2026-02-17 22:02:49.511000,BNBUSDT,1,0.57,618.4,0.57,0.0,352.48799999999994,0.0
1771365769511,2026-02-17 22:02:49.511000,XRPUSDT,0,0.0,,0.0,0.0,0.0,0.0
1771365770513,2026-02-17 22:02:50.513000,BTCUSDT,1,0.027,67617.7,0.027,0.0,1825.6779,0.0
1771365770513,2026-02-17 22:02:50.513000,ETHUSDT,1,0.653,1998.2,0.0,0.653,0.0,1304.8246000000001
1771365770513,2026-02-17 22:02:50.513000,SOLUSDT,0,0.0,,0.0,0.0,0.0,0.0
1771365770513,2026-02-17 22:02:50.513000,BNBUSDT,0,0.0,,0.0,0.0,0.0,0.0
1771365770513,2026-02-17 22:02:50.513000,XRPUSDT,1,55.0,1.4833,0.0,55.0,0.0,81.5815
1771365771522,2026-02-17 22:02:51.522000,BTCUSDT,0,0.0,,0.0,0.0,0.0,0.0
1771365771522,2026-02-17 22:02:51.522000,ETHUSDT,0,0.0,,0.0,0.0,0.0,0.0
1771365771522,2026-02-17 22:02:51.522000,SOLUSDT,0,0.0,,0.0,0.0,0.0,0.0
1771365771522,2026-02-17 22:02:51.522000,BNBUSDT,0,0.0,,0.0,0.0,0.0,0.0
1771365771522,2026-02-17 22:02:51.522000,XRPUSDT,0,0.0,,0.0,0.0,0.0,0.0
1771365772532,2026-02-17 22:02:52.532000,BTCUSDT,1,0.027,67618.3,0.0,0.027,0.0,1825.6941000000002
1771365772532,2026-02-17 22:02:52.532000,ETHUSDT,1,0.859,1998.4,0.859,0.0,1716.6256,0.0
1771365772532,2026-02-17 22:02:52.532000,SOLUSDT,2,243.95,85.19,243.95,0.0,20782.100499999997,0.0
1771365772532,2026-02-17 22:02:52.532000,BNBUSDT,0,0.0,,0.0,0.0,0.0,0.0
1771365772532,2026-02-17 22:02:52.532000,XRPUSDT,1,111.7,1.4833,111.7,0.0,165.68461000000002,0.0
1771365773538,2026-02-17 22:02:53.538000,BTCUSDT,0,0.0,,0.0,0.0,0.0,0.0
1771365773538,2026-02-17 22:02:53.538000,ETHUSDT,0,0.0,,0.0,0.0,0.0,0.0
1771365773538,2026-02-17 22:02:53.538000,SOLUSDT,0,0.0,,0.0,0.0,0.0,0.0
1771365773538,2026-02-17 22:02:53.538000,BNBUSDT,1,0.42,618.5,0.0,0.42,0.0,259.77
1771365773538,2026-02-17 22:02:53.538000,XRPUSDT,0,0.0,,0.0,0.0,0.0,0.0
1771365774548,2026-02-17 22:02:54.548000,BTCUSDT,1,0.034,67618.3,0.034,0.0,2299.0222000000003,0.0
1771365774548,2026-02-17 22:02:54.548000,ETHUSDT,1,0.475,1998.6,0.0,0.475,0.0,949.3349999999999
1771365774548,2026-02-17 22:02:54.548000,SOLUSDT,1,3.61,85.18,3.61,0.0,307.4998,0.0
1771365774548,2026-02-17 22:02:54.548000,BNBUSDT,0,0.0,,0.0,0.0,0.0,0.0
1771365774548,2026-02-17 22:02:54.548000,XRPUSDT,0,0.0,,0.0,0.0,0.0,0.0
1771365775559,2026-02-17 22:02:55.559000,BTCUSDT,1,0.034,67618.3,0.034,0.0,2299.0222000000003,0.0
1771365775559,2026-02-17 22:02:55.559000,ETHUSDT,1,1.172,1998.6,0.0,1.172,0.0,2342.3592
1771365775559,2026-02-17 22:02:55.559000,SOLUSDT,0,0.0,,0.0,0.0,0.0,0.0
1771365775559,2026-02-17 22:02:55.559000,BNBUSDT,0,0.0,,0.0,0.0,0.0,0.0
1771365775559,2026-02-17 22:02:55.559000,XRPUSDT,1,153.3,1.4833,0.0,153.3,0.0,227.38989000000004
1771365776567,2026-02-17 22:02:56.567000,BTCUSDT,1,0.001,67618.4,0.001,0.0,67.6184,0.0
1771365776567,2026-02-17 22:02:56.567000,ETHUSDT,0,0.0,,0.0,0.0,0.0,0.0
1771365776567,2026-02-17 22:02:56.567000,SOLUSDT,2,383.06,85.19033963347779,383.06,0.0,32633.0115,0.0
1771365776567,2026-02-17 22:02:56.567000,BNBUSDT,1,0.35,618.5,0.0,0.35,0.0,216.475
1771365776567,2026-02-17 22:02:56.567000,XRPUSDT,0,0.0,,0.0,0.0,0.0,0.0
1771365777575,2026-02-17 22:02:57.575000,BTCUSDT,1,0.025,67626.4,0.0,0.025,0.0,1690.6599999999999
1771365777575,2026-02-17 22:02:57.575000,ETHUSDT,0,0.0,,0.0,0.0,0.0,0.0
1771365777575,2026-02-17 22:02:57.575000,SOLUSDT,1,0.39,85.21,0.39,0.0,33.231899999999996,0.0
1771365777575,2026-02-17 22:02:57.575000,BNBUSDT,0,0.0,,0.0,0.0,0.0,0.0
1771365777575,2026-02-17 22:02:57.575000,XRPUSDT,0,0.0,,0.0,0.0,0.0,0.0
1771365778583,2026-02-17 22:02:58.583000,BTCUSDT,1,0.025,67626.4,0.0,0.025,0.0,1690.6599999999999
1771365778583,2026-02-17 22:02:58.583000,ETHUSDT,1,2.201,1998.6,2.201,0.0,4398.9186,0.0
1771365778583,2026-02-17 22:02:58.583000,SOLUSDT,0,0.0,,0.0,0.0,0.0,0.0
1771365778583,2026-02-17 22:02:58.583000,BNBUSDT,0,0.0,,0.0,0.0,0.0,0.0
1771365778583,2026-02-17 22:02:58.583000,XRPUSDT,0,0.0,,0.0,0.0,0.0,0.0
1771365779588,2026-02-17 22:02:59.588000,BTCUSDT,1,0.013,67626.4,0.013,0.0,879.1431999999999,0.0
1771365779588,2026-02-17 22:02:59.588000,ETHUSDT,0,0.0,,0.0,0.0,0.0,0.0
1771365779588,2026-02-17 22:02:59.588000,SOLUSDT,0,0.0,,0.0,0.0,0.0,0.0
1771365779588,2026-02-17 22:02:59.588000,BNBUSDT,1,0.61,618.6,0.61,0.0,377.346,0.0
1771365779588,2026-02-17 22:02:59.588000,XRPUSDT,0,0.0,,0.0,0.0,0.0,0.0
1771365780597,2026-02-17 22:03:00.597000,BTCUSDT,2,0.034,67626.4,0.013,0.021,879.1431999999999,1420.1544
1771365780597,2026-02-17 22:03:00.597000,ETHUSDT,0,0.0,,0.0,0.0,0.0,0.0
1771365780597,2026-02-17 22:03:00.597000,SOLUSDT,1,7.59,85.21,0.0,7.59,0.0,646.7438999999999
1771365780597,2026-02-17 22:03:00.597000,BNBUSDT,0,0.0,,0.0,0.0,0.0,0.0
1771365780597,2026-02-17 22:03:00.597000,XRPUSDT,1,91.7,1.4838,91.7,0.0,136.06446,0.0
1771365781605,2026-02-17 22:03:01.605000,BTCUSDT,1,0.021,67626.4,0.0,0.021,0.0,1420.1544
1771365781605,2026-02-17 22:03:01.605000,ETHUSDT,2,1.1429999999999998,1998.6000000000001,0.009,1.134,17.987399999999997,2266.4123999999997
1771365781605,2026-02-17 22:03:01.605000,SOLUSDT,1,7.59,85.21,0.0,7.59,0.0,646.7438999999999
1771365781605,2026-02-17 22:03:01.605000,BNBUSDT,0,0.0,,0.0,0.0,0.0,0.0
1771365781605,2026-02-17 22:03:01.605000,XRPUSDT,0,0.0,,0.0,0.0,0.0,0.0
1771365782616,2026-02-17 22:03:02.616000,BTCUSDT,1,0.026,67623.7,0.026,0.0,1758.2161999999998,0.0
1771365782616,2026-02-17 22:03:02.616000,ETHUSDT,0,0.0,,0.0,0.0,0.0,0.0
1771365782616,2026-02-17 22:03:02.616000,SOLUSDT,0,0.0,,0.0,0.0,0.0,0.0
1771365782616,2026-02-17 22:03:02.616000,BNBUSDT,1,0.27,618.6,0.0,0.27,0.0,167.02200000000002
1771365782616,2026-02-17 22:03:02.616000,XRPUSDT,1,146.6,1.4835,0.0,146.6,0.0,217.4811
1771365783625,2026-02-17 22:03:03.625000,BTCUSDT,0,0.0,,0.0,0.0,0.0,0.0
1771365783625,2026-02-17 22:03:03.625000,ETHUSDT,1,2.086,1998.5999999999997,2.086,0.0,4169.079599999999,0.0
1771365783625,2026-02-17 22:03:03.625000,SOLUSDT,1,13.35,85.21000000000001,0.0,13.35,0.0,1137.5535
1771365783625,2026-02-17 22:03:03.625000,BNBUSDT,1,0.27,618.6,0.0,0.27,0.0,167.02200000000002
1771365783625,2026-02-17 22:03:03.625000,XRPUSDT,0,0.0,,0.0,0.0,0.0,0.0
1771365784633,2026-02-17 22:03:04.633000,BTCUSDT,1,0.033,67627.2,0.0,0.033,0.0,2231.6976
1771365784633,2026-02-17 22:03:04.633000,ETHUSDT,1,0.194,1998.7,0.194,0.0,387.74780000000004,0.0
1771365784633,2026-02-17 22:03:04.633000,SOLUSDT,0,0.0,,0.0,0.0,0.0,0.0
1771365784633,2026-02-17 22:03:04.633000,BNBUSDT,0,0.0,,0.0,0.0,0.0,0.0
1771365784633,2026-02-17 22:03:04.633000,XRPUSDT,0,0.0,,0.0,0.0,0.0,0.0
1771365785644,2026-02-17 22:03:05.644000,BTCUSDT,0,0.0,,0.0,0.0,0.0,0.0
1771365785644,2026-02-17 22:03:05.644000,ETHUSDT,1,1.007,1998.9,0.0,1.007,0.0,2012.8923
1771365785644,2026-02-17 22:03:05.644000,SOLUSDT,0,0.0,,0.0,0.0,0.0,0.0
1771365785644,2026-02-17 22:03:05.644000,BNBUSDT,1,0.49,618.6,0.0,0.49,0.0,303.11400000000003
1771365785644,2026-02-17 22:03:05.644000,XRPUSDT,0,0.0,,0.0,0.0,0.0,0.0
1771365786653,2026-02-17 22:03:06.653000,BTCUSDT,0,0.0,,0.0,0.0,0.0,0.0
1771365786653,2026-02-17 22:03:06.653000,ETHUSDT,1,1.007,1998.9,0.0,1.007,0.0,2012.8923
1771365786653,2026-02-17 22:03:06.653000,SOLUSDT,0,0.0,,0.0,0.0,0.0,0.0
1771365786653,2026-02-17 22:03:06.653000,BNBUSDT,0,0.0,,0.0,0.0,0.0,0.0
1771365786653,2026-02-17 22:03:06.653000,XRPUSDT,1,39.7,1.4835,39.7,0.0,58.89495000000001,0.0
1771365787658,2026-02-17 22:03:07.658000,BTCUSDT,1,0.03,67627.2,0.03,0.0,2028.8159999999998,0.0
1771365787658,2026-02-17 22:03:07.658000,ETHUSDT,1,1.404,1998.8999999999999,0.0,1.404,0.0,2806.4556
1771365787658,2026-02-17 22:03:07.658000,SOLUSDT,1,15.06,85.21,15.06,0.0,1283.2626,0.0
1771365787658,2026-02-17 22:03:07.658000,BNBUSDT,0,0.0,,0.0,0.0,0.0,0.0
1771365787658,2026-02-17 22:03:07.658000,XRPUSDT,1,194.6,1.4835,194.6,0.0,288.6891,0.0
1771365788669,2026-02-17 22:03:08.669000,BTCUSDT,0,0.0,,0.0,0.0,0.0,0.0
1771365788669,2026-02-17 22:03:08.669000,ETHUSDT,1,2.862,1998.9,2.862,0.0,5720.8518,0.0
1771365788669,2026-02-17 22:03:08.669000,SOLUSDT,0,0.0,,0.0,0.0,0.0,0.0
1771365788669,2026-02-17 22:03:08.669000,BNBUSDT,1,0.54,618.6,0.54,0.0,334.04400000000004,0.0
1771365788669,2026-02-17 22:03:08.669000,XRPUSDT,0,0.0,,0.0,0.0,0.0,0.0
1771365789679,2026-02-17 22:03:09.679000,BTCUSDT,1,0.028,67627.2,0.0,0.028,0.0,1893.5616
1771365789679,2026-02-17 22:03:09.679000,ETHUSDT,0,0.0,,0.0,0.0,0.0,0.0
1771365789679,2026-02-17 22:03:09.679000,SOLUSDT,0,0.0,,0.0,0.0,0.0,0.0
1771365789679,2026-02-17 22:03:09.679000,BNBUSDT,0,0.0,,0.0,0.0,0.0,0.0
1771365789679,2026-02-17 22:03:09.679000,XRPUSDT,0,0.0,,0.0,0.0,0.0,0.0
1771365790708,2026-02-17 22:03:10.708000,BTCUSDT,0,0.0,,0.0,0.0,0.0,0.0
1771365790708,2026-02-17 22:03:10.708000,ETHUSDT,0,0.0,,0.0,0.0,0.0,0.0
1771365790708,2026-02-17 22:03:10.708000,SOLUSDT,0,0.0,,0.0,0.0,0.0,0.0
1771365790708,2026-02-17 22:03:10.708000,BNBUSDT,0,0.0,,0.0,0.0,0.0,0.0
1771365790708,2026-02-17 22:03:10.708000,XRPUSDT,0,0.0,,0.0,0.0,0.0,0.0
1771365791719,2026-02-17 22:03:11.719000,BTCUSDT,1,0.016,67627.2,0.016,0.0,1082.0352,0.0
1771365791719,2026-02-17 22:03:11.719000,ETHUSDT,1,2.316,1998.9,0.0,2.316,0.0,4629.4524
1771365791719,2026-02-17 22:03:11.719000,SOLUSDT,1,5.39,85.21,0.0,5.39,0.0,459.28189999999995
1771365791719,2026-02-17 22:03:11.719000,BNBUSDT,0,0.0,,0.0,0.0,0.0,0.0
1771365791719,2026-02-17 22:03:11.719000,XRPUSDT,0,0.0,,0.0,0.0,0.0,0.0
1771365792729,2026-02-17 22:03:12.729000,BTCUSDT,1,0.03,67627.2,0.03,0.0,2028.8159999999998,0.0
1771365792729,2026-02-17 22:03:12.729000,ETHUSDT,2,0.079,1998.9810126582279,0.064,0.015,127.936,29.9835
1771365792729,2026-02-17 22:03:12.729000,SOLUSDT,1,0.06,85.21,0.0,0.06,0.0,5.1126
1771365792729,2026-02-17 22:03:12.729000,BNBUSDT,1,0.15,618.6,0.0,0.15,0.0,92.79
1771365792729,2026-02-17 22:03:12.729000,XRPUSDT,1,53.2,1.4835,0.0,53.2,0.0,78.9222
1771365793740,2026-02-17 22:03:13.740000,BTCUSDT,0,0.0,,0.0,0.0,0.0,0.0
1771365793740,2026-02-17 22:03:13.740000,ETHUSDT,2,2.091,1998.9007173601146,0.015,2.076,29.985,4149.7164
1771365793740,2026-02-17 22:03:13.740000,SOLUSDT,1,4.79,85.21,0.0,4.79,0.0,408.1559
1771365793740,2026-02-17 22:03:13.740000,BNBUSDT,1,0.15,618.6,0.0,0.15,0.0,92.79
1771365793740,2026-02-17 22:03:13.740000,XRPUSDT,1,104.8,1.4835,0.0,104.8,0.0,155.4708
1771365794747,2026-02-17 22:03:14.747000,BTCUSDT,0,0.0,,0.0,0.0,0.0,0.0
1771365794747,2026-02-17 22:03:14.747000,ETHUSDT,0,0.0,,0.0,0.0,0.0,0.0
1771365794747,2026-02-17 22:03:14.747000,SOLUSDT,1,3.28,85.21,3.28,0.0,279.48879999999997,0.0
1771365794747,2026-02-17 22:03:14.747000,BNBUSDT,1,0.5,618.6,0.5,0.0,309.3,0.0
1771365794747,2026-02-17 22:03:14.747000,XRPUSDT,0,0.0,,0.0,0.0,0.0,0.0
1771365795754,2026-02-17 22:03:15.754000,BTCUSDT,1,0.031,67627.2,0.0,0.031,0.0,2096.4431999999997
1771365795754,2026-02-17 22:03:15.754000,ETHUSDT,0,0.0,,0.0,0.0,0.0,0.0
1771365795754,2026-02-17 22:03:15.754000,SOLUSDT,1,15.02,85.21,15.02,0.0,1279.8541999999998,0.0
1771365795754,2026-02-17 22:03:15.754000,BNBUSDT,0,0.0,,0.0,0.0,0.0,0.0
1771365795754,2026-02-17 22:03:15.754000,XRPUSDT,0,0.0,,0.0,0.0,0.0,0.0
1771365796763,2026-02-17 22:03:16.763000,BTCUSDT,0,0.0,,0.0,0.0,0.0,0.0
1771365796763,2026-02-17 22:03:16.763000,ETHUSDT,1,1.195,1998.8999999999999,1.195,0.0,2388.6855,0.0
1771365796763,2026-02-17 22:03:16.763000,SOLUSDT,0,0.0,,0.0,0.0,0.0,0.0
1771365796763,2026-02-17 22:03:16.763000,BNBUSDT,0,0.0,,0.0,0.0,0.0,0.0
1771365796763,2026-02-17 22:03:16.763000,XRPUSDT,1,185.0,1.4837000000000002,185.0,0.0,274.4845,0.0
1771365797774,2026-02-17 22:03:17.774000,BTCUSDT,1,0.022,67627.2,0.022,0.0,1487.7984,0.0
1771365797774,2026-02-17 22:03:17.774000,ETHUSDT,1,2.994,1998.9,2.994,0.0,5984.7066,0.0
1771365797774,2026-02-17 22:03:17.774000,SOLUSDT,0,0.0,,0.0,0.0,0.0,0.0
1771365797774,2026-02-17 22:03:17.774000,BNBUSDT,0,0.0,,0.0,0.0,0.0,0.0
1771365797774,2026-02-17 22:03:17.774000,XRPUSDT,0,0.0,,0.0,0.0,0.0,0.0
1771365798783,2026-02-17 22:03:18.783000,BTCUSDT,0,0.0,,0.0,0.0,0.0,0.0
1771365798783,2026-02-17 22:03:18.783000,ETHUSDT,0,0.0,,0.0,0.0,0.0,0.0
1771365798783,2026-02-17 22:03:18.783000,SOLUSDT,0,0.0,,0.0,0.0,0.0,0.0
1771365798783,2026-02-17 22:03:18.783000,BNBUSDT,1,0.34,618.6,0.0,0.34,0.0,210.324
1771365798783,2026-02-17 22:03:18.783000,XRPUSDT,0,0.0,,0.0,0.0,0.0,0.0
1771365799792,2026-02-17 22:03:19.792000,BTCUSDT,1,0.016,67627.2,0.0,0.016,0.0,1082.0352
1771365799792,2026-02-17 22:03:19.792000,ETHUSDT,0,0.0,,0.0,0.0,0.0,0.0
1771365799792,2026-02-17 22:03:19.792000,SOLUSDT,0,0.0,,0.0,0.0,0.0,0.0
1771365799792,2026-02-17 22:03:19.792000,BNBUSDT,0,0.0,,0.0,0.0,0.0,0.0
1771365799792,2026-02-17 22:03:19.792000,XRPUSDT,0,0.0,,0.0,0.0,0.0,0.0
1771365800800,2026-02-17 22:03:20.800000,BTCUSDT,1,0.035,67627.2,0.035,0.0,2366.952,0.0
1771365800800,2026-02-17 22:03:20.800000,ETHUSDT,1,1.977,1999.0,0.0,1.977,0.0,3952.023
1771365800800,2026-02-17 22:03:20.800000,SOLUSDT,3,35.72,85.21659294512878,23.55,12.17,2006.931,1037.0057
1771365800800,2026-02-17 22:03:20.800000,BNBUSDT,0,0.0,,0.0,0.0,0.0,0.0
1771365800800,2026-02-17 22:03:20.800000,XRPUSDT,1,195.9,1.4838,0.0,195.9,0.0,290.67642
1771365801810,2026-02-17 22:03:21.810000,BTCUSDT,0,0.0,,0.0,0.0,0.0,0.0
1771365801810,2026-02-17 22:03:21.810000,ETHUSDT,0,0.0,,0.0,0.0,0.0,0.0
1771365801810,2026-02-17 22:03:21.810000,SOLUSDT,0,0.0,,0.0,0.0,0.0,0.0
1771365801810,2026-02-17 22:03:21.810000,BNBUSDT,1,0.4,618.6,0.0,0.4,0.0,247.44000000000003
1771365801810,2026-02-17 22:03:21.810000,XRPUSDT,1,195.9,1.4838,0.0,195.9,0.0,290.67642
1771365802818,2026-02-17 22:03:22.818000,BTCUSDT,0,0.0,,0.0,0.0,0.0,0.0
1771365802818,2026-02-17 22:03:22.818000,ETHUSDT,1,3.072,1999.0,0.0,3.072,0.0,6140.928
1771365802818,2026-02-17 22:03:22.818000,SOLUSDT,0,0.0,,0.0,0.0,0.0,0.0
1771365802818,2026-02-17 22:03:22.818000,BNBUSDT,0,0.0,,0.0,0.0,0.0,0.0
1771365802818,2026-02-17 22:03:22.818000,XRPUSDT,0,0.0,,0.0,0.0,0.0,0.0
1771365803827,2026-02-17 22:03:23.827000,BTCUSDT,1,0.032,67636.3,0.0,0.032,0.0,2164.3616
1771365803827,2026-02-17 22:03:23.827000,ETHUSDT,0,0.0,,0.0,0.0,0.0,0.0
1771365803827,2026-02-17 22:03:23.827000,SOLUSDT,1,4.18,85.21,0.0,4.18,0.0,356.17779999999993
1771365803827,2026-02-17 22:03:23.827000,BNBUSDT,2,0.6699999999999999,618.6447761194031,0.6699999999999999,0.0,414.492,0.0
1771365803827,2026-02-17 22:03:23.827000,XRPUSDT,0,0.0,,0.0,0.0,0.0,0.0
1771365804837,2026-02-17 22:03:24.837000,BTCUSDT,0,0.0,,0.0,0.0,0.0,0.0
1771365804837,2026-02-17 22:03:24.837000,ETHUSDT,0,0.0,,0.0,0.0,0.0,0.0
1771365804837,2026-02-17 22:03:24.837000,SOLUSDT,1,8.32,85.21,8.32,0.0,708.9472,0.0
1771365804837,2026-02-17 22:03:24.837000,BNBUSDT,0,0.0,,0.0,0.0,0.0,0.0
1771365804837,2026-02-17 22:03:24.837000,XRPUSDT,0,0.0,,0.0,0.0,0.0,0.0
1771365805845,2026-02-17 22:03:25.845000,BTCUSDT,1,0.018,67635.0,0.018,0.0,1217.4299999999998,0.0
1771365805845,2026-02-17 22:03:25.845000,ETHUSDT,1,3.448,1999.0,3.448,0.0,6892.552,0.0
1771365805845,2026-02-17 22:03:25.845000,SOLUSDT,0,0.0,,0.0,0.0,0.0,0.0
1771365805845,2026-02-17 22:03:25.845000,BNBUSDT,0,0.0,,0.0,0.0,0.0,0.0
1771365805845,2026-02-17 22:03:25.845000,XRPUSDT,1,107.4,1.4836999999999998,107.4,0.0,159.34938,0.0
1771365806854,2026-02-17 22:03:26.854000,BTCUSDT,1,0.018,67635.0,0.018,0.0,1217.4299999999998,0.0
1771365806854,2026-02-17 22:03:26.854000,ETHUSDT,0,0.0,,0.0,0.0,0.0,0.0
1771365806854,2026-02-17 22:03:26.854000,SOLUSDT,0,0.0,,0.0,0.0,0.0,0.0
1771365806854,2026-02-17 22:03:26.854000,BNBUSDT,1,0.33,618.6,0.0,0.33,0.0,204.138
1771365806854,2026-02-17 22:03:26.854000,XRPUSDT,0,0.0,,0.0,0.0,0.0,0.0
1771365807862,2026-02-17 22:03:27.862000,BTCUSDT,1,0.037,67635.0,0.0,0.037,0.0,2502.495
1771365807862,2026-02-17 22:03:27.862000,ETHUSDT,0,0.0,,0.0,0.0,0.0,0.0
1771365807862,2026-02-17 22:03:27.862000,SOLUSDT,1,3.81,85.21000000000001,0.0,3.81,0.0,324.6501
1771365807862,2026-02-17 22:03:27.862000,BNBUSDT,0,0.0,,0.0,0.0,0.0,0.0
1771365807862,2026-02-17 22:03:27.862000,XRPUSDT,0,0.0,,0.0,0.0,0.0,0.0
1771365808870,2026-02-17 22:03:28.870000,BTCUSDT,0,0.0,,0.0,0.0,0.0,0.0
1771365808870,2026-02-17 22:03:28.870000,ETHUSDT,1,2.079,1999.0,0.0,2.079,0.0,4155.921
1771365808870,2026-02-17 22:03:28.870000,SOLUSDT,1,5.78,85.21,0.0,5.78,0.0,492.5138
1771365808870,2026-02-17 22:03:28.870000,BNBUSDT,1,0.58,618.6,0.58,0.0,358.788,0.0
1771365808870,2026-02-17 22:03:28.870000,XRPUSDT,1,167.8,1.4837,0.0,167.8,0.0,248.96486000000002
1771365809879,2026-02-17 22:03:29.879000,BTCUSDT,1,0.03,67635.0,0.03,0.0,2029.05,0.0
1771365809879,2026-02-17 22:03:29.879000,ETHUSDT,0,0.0,,0.0,0.0,0.0,0.0
1771365809879,2026-02-17 22:03:29.879000,SOLUSDT,1,11.87,85.21,11.87,0.0,1011.4426999999998,0.0
1771365809879,2026-02-17 22:03:29.879000,BNBUSDT,0,0.0,,0.0,0.0,0.0,0.0
1771365809879,2026-02-17 22:03:29.879000,XRPUSDT,0,0.0,,0.0,0.0,0.0,0.0
1771365810887,2026-02-17 22:03:30.887000,BTCUSDT,0,0.0,,0.0,0.0,0.0,0.0
1771365810887,2026-02-17 22:03:30.887000,ETHUSDT,2,3.469,1999.0,3.465,0.004,6926.535,7.996
1771365810887,2026-02-17 22:03:30.887000,SOLUSDT,0,0.0,,0.0,0.0,0.0,0.0
1771365810887,2026-02-17 22:03:30.887000,BNBUSDT,0,0.0,,0.0,0.0,0.0,0.0
1771365810887,2026-02-17 22:03:30.887000,XRPUSDT,0,0.0,,0.0,0.0,0.0,0.0
1771365811895,2026-02-17 22:03:31.895000,BTCUSDT,1,0.027,67635.0,0.0,0.027,0.0,1826.145
1771365811895,2026-02-17 22:03:31.895000,ETHUSDT,1,3.465,1999.0,3.465,0.0,6926.535,0.0
1771365811895,2026-02-17 22:03:31.895000,SOLUSDT,0,0.0,,0.0,0.0,0.0,0.0
1771365811895,2026-02-17 22:03:31.895000,BNBUSDT,0,0.0,,0.0,0.0,0.0,0.0
1771365811895,2026-02-17 22:03:31.895000,XRPUSDT,0,0.0,,0.0,0.0,0.0,0.0
1771365812906,2026-02-17 22:03:32.906000,BTCUSDT,0,0.0,,0.0,0.0,0.0,0.0
1771365812906,2026-02-17 22:03:32.906000,ETHUSDT,0,0.0,,0.0,0.0,0.0,0.0
1771365812906,2026-02-17 22:03:32.906000,SOLUSDT,1,14.26,85.21,0.0,14.26,0.0,1215.0946
1771365812906,2026-02-17 22:03:32.906000,BNBUSDT,1,0.52,618.6,0.0,0.52,0.0,321.672
1771365812906,2026-02-17 22:03:32.906000,XRPUSDT,1,49.0,1.4833,49.0,0.0,72.6817,0.0
1771365813912,2026-02-17 22:03:33.912000,BTCUSDT,1,0.019,67635.0,0.019,0.0,1285.065,0.0
1771365813912,2026-02-17 22:03:33.912000,ETHUSDT,0,0.0,,0.0,0.0,0.0,0.0
1771365813912,2026-02-17 22:03:33.912000,SOLUSDT,0,0.0,,0.0,0.0,0.0,0.0
1771365813912,2026-02-17 22:03:33.912000,BNBUSDT,0,0.0,,0.0,0.0,0.0,0.0
1771365813912,2026-02-17 22:03:33.912000,XRPUSDT,1,182.8,1.4834,182.8,0.0,271.16552,0.0
1771365814920,2026-02-17 22:03:34.920000,BTCUSDT,1,0.026,67635.0,0.0,0.026,0.0,1758.51
1771365814920,2026-02-17 22:03:34.920000,ETHUSDT,1,1.26,1999.0000000000002,0.0,1.26,0.0,2518.7400000000002
1771365814920,2026-02-17 22:03:34.920000,SOLUSDT,0,0.0,,0.0,0.0,0.0,0.0
1771365814920,2026-02-17 22:03:34.920000,BNBUSDT,0,0.0,,0.0,0.0,0.0,0.0
1771365814920,2026-02-17 22:03:34.920000,XRPUSDT,0,0.0,,0.0,0.0,0.0,0.0
1771365815929,2026-02-17 22:03:35.929000,BTCUSDT,1,0.026,67635.0,0.0,0.026,0.0,1758.51
1771365815929,2026-02-17 22:03:35.929000,ETHUSDT,1,3.873,1999.0,0.0,3.873,0.0,7742.127
1771365815929,2026-02-17 22:03:35.929000,SOLUSDT,1,11.31,85.21,11.31,0.0,963.7251,0.0
1771365815929,2026-02-17 22:03:35.929000,BNBUSDT,0,0.0,,0.0,0.0,0.0,0.0
1771365815929,2026-02-17 22:03:35.929000,XRPUSDT,0,0.0,,0.0,0.0,0.0,0.0
1771365816937,2026-02-17 22:03:36.937000,BTCUSDT,1,0.04,67635.0,0.04,0.0,2705.4,0.0
1771365816937,2026-02-17 22:03:36.937000,ETHUSDT,0,0.0,,0.0,0.0,0.0,0.0
1771365816937,2026-02-17 22:03:36.937000,SOLUSDT,1,11.31,85.21,11.31,0.0,963.7251,0.0
1771365816937,2026-02-17 22:03:36.937000,BNBUSDT,1,0.68,618.6,0.68,0.0,420.648,0.0
1771365816937,2026-02-17 22:03:36.937000,XRPUSDT,0,0.0,,0.0,0.0,0.0,0.0
1771365817946,2026-02-17 22:03:37.946000,BTCUSDT,0,0.0,,0.0,0.0,0.0,0.0
1771365817946,2026-02-17 22:03:37.946000,ETHUSDT,1,0.009,1999.1,0.009,0.0,17.991899999999998,0.0
1771365817946,2026-02-17 22:03:37.946000,SOLUSDT,0,0.0,,0.0,0.0,0.0,0.0
1771365817946,2026-02-17 22:03:37.946000,BNBUSDT,0,0.0,,0.0,0.0,0.0,0.0
1771365817946,2026-02-17 22:03:37.946000,XRPUSDT,1,47.5,1.4835,0.0,47.5,0.0,70.46625
1771365818953,2026-02-17 22:03:38.953000,BTCUSDT,0,0.0,,0.0,0.0,0.0,0.0
1771365818953,2026-02-17 22:03:38.953000,ETHUSDT,2,1.5150000000000001,1999.0069966996696,1.5150000000000001,0.0,3028.4955999999997,0.0
1771365818953,2026-02-17 22:03:38.953000,SOLUSDT,2,20.459999999999997,85.2101173020528,0.24,20.22,20.4528,1722.9461999999999
1771365818953,2026-02-17 22:03:38.953000,BNBUSDT,0,0.0,,0.0,0.0,0.0,0.0
1771365818953,2026-02-17 22:03:38.953000,XRPUSDT,1,47.5,1.4835,0.0,47.5,0.0,70.46625
1771365819964,2026-02-17 22:03:39.964000,BTCUSDT,1,0.035,67635.0,0.0,0.035,0.0,2367.2250000000004
1771365819964,2026-02-17 22:03:39.964000,ETHUSDT,0,0.0,,0.0,0.0,0.0,0.0
1771365819964,2026-02-17 22:03:39.964000,SOLUSDT,0,0.0,,0.0,0.0,0.0,0.0
1771365819964,2026-02-17 22:03:39.964000,BNBUSDT,0,0.0,,0.0,0.0,0.0,0.0
1771365819964,2026-02-17 22:03:39.964000,XRPUSDT,1,108.0,1.4836,0.0,108.0,0.0,160.2288
1771365820974,2026-02-17 22:03:40.974000,BTCUSDT,0,0.0,,0.0,0.0,0.0,0.0
1771365820974,2026-02-17 22:03:40.974000,ETHUSDT,1,2.279,1998.9999999999998,2.279,0.0,4555.721,0.0
1771365820974,2026-02-17 22:03:40.974000,SOLUSDT,0,0.0,,0.0,0.0,0.0,0.0
1771365820974,2026-02-17 22:03:40.974000,BNBUSDT,0,0.0,,0.0,0.0,0.0,0.0
1771365820974,2026-02-17 22:03:40.974000,XRPUSDT,0,0.0,,0.0,0.0,0.0,0.0
1771365821984,2026-02-17 22:03:41.984000,BTCUSDT,0,0.0,,0.0,0.0,0.0,0.0
1771365821984,2026-02-17 22:03:41.984000,ETHUSDT,1,0.652,1998.9999999999998,0.0,0.652,0.0,1303.348
1771365821984,2026-02-17 22:03:41.984000,SOLUSDT,0,0.0,,0.0,0.0,0.0,0.0
1771365821984,2026-02-17 22:03:41.984000,BNBUSDT,1,0.26,618.6,0.0,0.26,0.0,160.836
1771365821984,2026-02-17 22:03:41.984000,XRPUSDT,0,0.0,,0.0,0.0,0.0,0.0
1771365822995,2026-02-17 22:03:42.995000,BTCUSDT,1,0.028,67635.0,0.028,0.0,1893.78,0.0
1771365822995,2026-02-17 22:03:42.995000,ETHUSDT,1,2.992,1999.0,0.0,2.992,0.0,5981.008
1771365822995,2026-02-17 22:03:42.995000,SOLUSDT,1,19.16,85.21,19.16,0.0,1632.6236,0.0
1771365822995,2026-02-17 22:03:42.995000,BNBUSDT,1,0.7,618.7,0.0,0.7,0.0,433.09000000000003
1771365822995,2026-02-17 22:03:42.995000,XRPUSDT,0,0.0,,0.0,0.0,0.0,0.0
1771365824003,2026-02-17 22:03:44.003000,BTCUSDT,0,0.0,,0.0,0.0,0.0,0.0
1771365824003,2026-02-17 22:03:44.003000,ETHUSDT,1,0.018,1999.0,0.0,0.018,0.0,35.982
1771365824003,2026-02-17 22:03:44.003000,SOLUSDT,0,0.0,,0.0,0.0,0.0,0.0
1771365824003,2026-02-17 22:03:44.003000,BNBUSDT,1,0.7,618.7,0.0,0.7,0.0,433.09000000000003
1771365824003,2026-02-17 22:03:44.003000,XRPUSDT,1,89.7,1.4832999999999998,89.7,0.0,133.05201,0.0
1771365825015,2026-02-17 22:03:45.015000,BTCUSDT,1,0.022,67635.0,0.0,0.022,0.0,1487.97
1771365825015,2026-02-17 22:03:45.015000,ETHUSDT,1,2.921,1999.0,2.921,0.0,5839.079,0.0
1771365825015,2026-02-17 22:03:45.015000,SOLUSDT,0,0.0,,0.0,0.0,0.0,0.0
1771365825015,2026-02-17 22:03:45.015000,BNBUSDT,0,0.0,,0.0,0.0,0.0,0.0
1771365825015,2026-02-17 22:03:45.015000,XRPUSDT,0,0.0,,0.0,0.0,0.0,0.0
1771365826025,2026-02-17 22:03:46.025000,BTCUSDT,0,0.0,,0.0,0.0,0.0,0.0
1771365826025,2026-02-17 22:03:46.025000,ETHUSDT,2,2.9869999999999997,1999.0022095748243,2.9869999999999997,0.0,5971.0196,0.0
1771365826025,2026-02-17 22:03:46.025000,SOLUSDT,0,0.0,,0.0,0.0,0.0,0.0
1771365826025,2026-02-17 22:03:46.025000,BNBUSDT,0,0.0,,0.0,0.0,0.0,0.0
1771365826025,2026-02-17 22:03:46.025000,XRPUSDT,0,0.0,,0.0,0.0,0.0,0.0
1771365827032,2026-02-17 22:03:47.032000,BTCUSDT,1,0.015,67635.0,0.015,0.0,1014.525,0.0
1771365827032,2026-02-17 22:03:47.032000,ETHUSDT,0,0.0,,0.0,0.0,0.0,0.0
1771365827032,2026-02-17 22:03:47.032000,SOLUSDT,1,7.95,85.21,0.0,7.95,0.0,677.4195
1771365827032,2026-02-17 22:03:47.032000,BNBUSDT,0,0.0,,0.0,0.0,0.0,0.0
1771365827032,2026-02-17 22:03:47.032000,XRPUSDT,1,131.8,1.4832,0.0,131.8,0.0,195.48576000000003
1771365828040,2026-02-17 22:03:48.040000,BTCUSDT,1,0.029,67635.0,0.0,0.029,0.0,1961.4150000000002
1771365828040,2026-02-17 22:03:48.040000,ETHUSDT,1,1.483,1999.0,0.0,1.483,0.0,2964.5170000000003
1771365828040,2026-02-17 22:03:48.040000,SOLUSDT,0,0.0,,0.0,0.0,0.0,0.0
1771365828040,2026-02-17 22:03:48.040000,BNBUSDT,1,0.49,618.7,0.49,0.0,303.163,0.0
1771365828040,2026-02-17 22:03:48.040000,XRPUSDT,0,0.0,,0.0,0.0,0.0,0.0
1771365829051,2026-02-17 22:03:49.051000,BTCUSDT,0,0.0,,0.0,0.0,0.0,0.0
1771365829051,2026-02-17 22:03:49.051000,ETHUSDT,0,0.0,,0.0,0.0,0.0,0.0
1771365829051,2026-02-17 22:03:49.051000,SOLUSDT,1,15.21,85.21,15.21,0.0,1296.0441,0.0
1771365829051,2026-02-17 22:03:49.051000,BNBUSDT,0,0.0,,0.0,0.0,0.0,0.0
1771365829051,2026-02-17 22:03:49.051000,XRPUSDT,0,0.0,,0.0,0.0,0.0,0.0
1771365830056,2026-02-17 22:03:50.056000,BTCUSDT,1,0.024,67635.0,0.024,0.0,1623.24,0.0
1771365830056,2026-02-17 22:03:50.056000,ETHUSDT,1,3.272,1998.9999999999998,3.272,0.0,6540.727999999999,0.0
1771365830056,2026-02-17 22:03:50.056000,SOLUSDT,0,0.0,,0.0,0.0,0.0,0.0
1771365830056,2026-02-17 22:03:50.056000,BNBUSDT,0,0.0,,0.0,0.0,0.0,0.0
1771365830056,2026-02-17 22:03:50.056000,XRPUSDT,0,0.0,,0.0,0.0,0.0,0.0
1771365831086,2026-02-17 22:03:51.086000,BTCUSDT,1,0.024,67635.0,0.024,0.0,1623.24,0.0
1771365831086,2026-02-17 22:03:51.086000,ETHUSDT,0,0.0,,0.0,0.0,0.0,0.0
1771365831086,2026-02-17 22:03:51.086000,SOLUSDT,0,0.0,,0.0,0.0,0.0,0.0
1771365831086,2026-02-17 22:03:51.086000,BNBUSDT,0,0.0,,0.0,0.0,0.0,0.0
1771365831086,2026-02-17 22:03:51.086000,XRPUSDT,0,0.0,,0.0,0.0,0.0,0.0
1771365832097,2026-02-17 22:03:52.097000,BTCUSDT,0,0.0,,0.0,0.0,0.0,0.0
1771365832097,2026-02-17 22:03:52.097000,ETHUSDT,0,0.0,,0.0,0.0,0.0,0.0
1771365832097,2026-02-17 22:03:52.097000,SOLUSDT,1,9.93,85.21,0.0,9.93,0.0,846.1352999999999
1771365832097,2026-02-17 22:03:52.097000,BNBUSDT,0,0.0,,0.0,0.0,0.0,0.0
1771365832097,2026-02-17 22:03:52.097000,XRPUSDT,1,68.3,1.4832,68.3,0.0,101.30256,0.0
1771365833108,2026-02-17 22:03:53.108000,BTCUSDT,1,0.021,67635.0,0.021,0.0,1420.335,0.0
1771365833108,2026-02-17 22:03:53.108000,ETHUSDT,1,3.297,1999.0,0.0,3.297,0.0,6590.703
1771365833108,2026-02-17 22:03:53.108000,SOLUSDT,0,0.0,,0.0,0.0,0.0,0.0
1771365833108,2026-02-17 22:03:53.108000,BNBUSDT,1,0.29,618.7,0.0,0.29,0.0,179.423
1771365833108,2026-02-17 22:03:53.108000,XRPUSDT,0,0.0,,0.0,0.0,0.0,0.0
1771365834119,2026-02-17 22:03:54.119000,BTCUSDT,0,0.0,,0.0,0.0,0.0,0.0
1771365834119,2026-02-17 22:03:54.119000,ETHUSDT,0,0.0,,0.0,0.0,0.0,0.0
1771365834119,2026-02-17 22:03:54.119000,SOLUSDT,0,0.0,,0.0,0.0,0.0,0.0
1771365834119,2026-02-17 22:03:54.119000,BNBUSDT,0,0.0,,0.0,0.0,0.0,0.0
1771365834119,2026-02-17 22:03:54.119000,XRPUSDT,0,0.0,,0.0,0.0,0.0,0.0
1771365835130,2026-02-17 22:03:55.130000,BTCUSDT,1,0.046,67636.3,0.0,0.046,0.0,3111.2698
1771365835130,2026-02-17 22:03:55.130000,ETHUSDT,0,0.0,,0.0,0.0,0.0,0.0
1771365835130,2026-02-17 22:03:55.130000,SOLUSDT,1,14.6,85.21,0.0,14.6,0.0,1244.0659999999998
1771365835130,2026-02-17 22:03:55.130000,BNBUSDT,0,0.0,,0.0,0.0,0.0,0.0
1771365835130,2026-02-17 22:03:55.130000,XRPUSDT,0,0.0,,0.0,0.0,0.0,0.0
1771365836137,2026-02-17 22:03:56.137000,BTCUSDT,0,0.0,,0.0,0.0,0.0,0.0
1771365836137,2026-02-17 22:03:56.137000,ETHUSDT,0,0.0,,0.0,0.0,0.0,0.0
1771365836137,2026-02-17 22:03:56.137000,SOLUSDT,0,0.0,,0.0,0.0,0.0,0.0
1771365836137,2026-02-17 22:03:56.137000,BNBUSDT,1,0.38,618.7,0.38,0.0,235.10600000000002,0.0
1771365836137,2026-02-17 22:03:56.137000,XRPUSDT,1,17.2,1.4834,17.2,0.0,25.51448,0.0
1771365837142,2026-02-17 22:03:57.142000,BTCUSDT,0,0.0,,0.0,0.0,0.0,0.0
1771365837142,2026-02-17 22:03:57.142000,ETHUSDT,1,2.346,1999.0000000000002,2.346,0.0,4689.654,0.0
1771365837142,2026-02-17 22:03:57.142000,SOLUSDT,0,0.0,,0.0,0.0,0.0,0.0
1771365837142,2026-02-17 22:03:57.142000,BNBUSDT,0,0.0,,0.0,0.0,0.0,0.0
1771365837142,2026-02-17 22:03:57.142000,XRPUSDT,1,24.1,1.4834,24.1,0.0,35.74994,0.0
1771365838150,2026-02-17 22:03:58.150000,BTCUSDT,1,0.046,67636.3,0.046,0.0,3111.2698,0.0
1771365838150,2026-02-17 22:03:58.150000,ETHUSDT,0,0.0,,0.0,0.0,0.0,0.0
1771365838150,2026-02-17 22:03:58.150000,SOLUSDT,1,6.68,85.21,6.68,0.0,569.2027999999999,0.0
1771365838150,2026-02-17 22:03:58.150000,BNBUSDT,0,0.0,,0.0,0.0,0.0,0.0
1771365838150,2026-02-17 22:03:58.150000,XRPUSDT,0,0.0,,0.0,0.0,0.0,0.0
1771365839156,2026-02-17 22:03:59.156000,BTCUSDT,0,0.0,,0.0,0.0,0.0,0.0
1771365839156,2026-02-17 22:03:59.156000,ETHUSDT,2,0.804,1999.000870646766,0.007,0.797,13.9937,1593.203
1771365839156,2026-02-17 22:03:59.156000,SOLUSDT,0,0.0,,0.0,0.0,0.0,0.0
1771365839156,2026-02-17 22:03:59.156000,BNBUSDT,0,0.0,,0.0,0.0,0.0,0.0
1771365839156,2026-02-17 22:03:59.156000,XRPUSDT,1,50.3,1.4834,0.0,50.3,0.0,74.61502
1771365840164,2026-02-17 22:04:00.164000,BTCUSDT,1,0.084,67636.4,0.084,0.0,5681.4576,0.0
1771365840164,2026-02-17 22:04:00.164000,ETHUSDT,0,0.0,,0.0,0.0,0.0,0.0
1771365840164,2026-02-17 22:04:00.164000,SOLUSDT,0,0.0,,0.0,0.0,0.0,0.0
1771365840164,2026-02-17 22:04:00.164000,BNBUSDT,0,0.0,,0.0,0.0,0.0,0.0
1771365840164,2026-02-17 22:04:00.164000,XRPUSDT,0,0.0,,0.0,0.0,0.0,0.0
1771365841173,2026-02-17 22:04:01.173000,BTCUSDT,1,0.041,67636.3,0.0,0.041,0.0,2773.0883000000003
1771365841173,2026-02-17 22:04:01.173000,ETHUSDT,1,0.751,1999.0,0.0,0.751,0.0,1501.249
1771365841173,2026-02-17 22:04:01.173000,SOLUSDT,1,3.84,85.21,3.84,0.0,327.2064,0.0
1771365841173,2026-02-17 22:04:01.173000,BNBUSDT,1,0.28,618.7,0.0,0.28,0.0,173.23600000000002
1771365841173,2026-02-17 22:04:01.173000,XRPUSDT,0,0.0,,0.0,0.0,0.0,0.0
1771365842181,2026-02-17 22:04:02.181000,BTCUSDT,0,0.0,,0.0,0.0,0.0,0.0
1771365842181,2026-02-17 22:04:02.181000,ETHUSDT,1,1.669,1999.0,1.669,0.0,3336.331,0.0
1771365842181,2026-02-17 22:04:02.181000,SOLUSDT,1,10.46,85.21,10.46,0.0,891.2966,0.0
1771365842181,2026-02-17 22:04:02.181000,BNBUSDT,0,0.0,,0.0,0.0,0.0,0.0
1771365842181,2026-02-17 22:04:02.181000,XRPUSDT,0,0.0,,0.0,0.0,0.0,0.0
1771365843189,2026-02-17 22:04:03.189000,BTCUSDT,1,0.046,67636.4,0.046,0.0,3111.2744,0.0
1771365843189,2026-02-17 22:04:03.189000,ETHUSDT,0,0.0,,0.0,0.0,0.0,0.0
1771365843189,2026-02-17 22:04:03.189000,SOLUSDT,0,0.0,,0.0,0.0,0.0,0.0
1771365843189,2026-02-17 22:04:03.189000,BNBUSDT,0,0.0,,0.0,0.0,0.0,0.0
1771365843189,2026-02-17 22:04:03.189000,XRPUSDT,1,16.5,1.4834,16.5,0.0,24.476100000000002,0.0
1771365844200,2026-02-17 22:04:04.200000,BTCUSDT,1,0.046,67636.4,0.046,0.0,3111.2744,0.0
1771365844200,2026-02-17 22:04:04.200000,ETHUSDT,0,0.0,,0.0,0.0,0.0,0.0
1771365844200,2026-02-17 22:04:04.200000,SOLUSDT,0,0.0,,0.0,0.0,0.0,0.0
1771365844200,2026-02-17 22:04:04.200000,BNBUSDT,1,0.32,618.7,0.32,0.0,197.984,0.0
1771365844200,2026-02-17 22:04:04.200000,XRPUSDT,0,0.0,,0.0,0.0,0.0,0.0
1771365845210,2026-02-17 22:04:05.210000,BTCUSDT,0,0.0,,0.0,0.0,0.0,0.0
1771365845210,2026-02-17 22:04:05.210000,ETHUSDT,1,1.361,1999.0,0.0,1.361,0.0,2720.639
1771365845210,2026-02-17 22:04:05.210000,SOLUSDT,0,0.0,,0.0,0.0,0.0,0.0
1771365845210,2026-02-17 22:04:05.210000,BNBUSDT,0,0.0,,0.0,0.0,0.0,0.0
1771365845210,2026-02-17 22:04:05.210000,XRPUSDT,1,27.7,1.4834000000000003,27.7,0.0,41.090180000000004,0.0
1771365846219,2026-02-17 22:04:06.219000,BTCUSDT,1,0.024,67636.4,0.0,0.024,0.0,1623.2736
1771365846219,2026-02-17 22:04:06.219000,ETHUSDT,0,0.0,,0.0,0.0,0.0,0.0
1771365846219,2026-02-17 22:04:06.219000,SOLUSDT,0,0.0,,0.0,0.0,0.0,0.0
1771365846219,2026-02-17 22:04:06.219000,BNBUSDT,0,0.0,,0.0,0.0,0.0,0.0
1771365846219,2026-02-17 22:04:06.219000,XRPUSDT,0,0.0,,0.0,0.0,0.0,0.0
1771365847223,2026-02-17 22:04:07.223000,BTCUSDT,0,0.0,,0.0,0.0,0.0,0.0
1771365847223,2026-02-17 22:04:07.223000,ETHUSDT,0,0.0,,0.0,0.0,0.0,0.0
1771365847223,2026-02-17 22:04:07.223000,SOLUSDT,1,6.52,85.21,0.0,6.52,0.0,555.5691999999999
1771365847223,2026-02-17 22:04:07.223000,BNBUSDT,1,0.1,618.7,0.0,0.1,0.0,61.870000000000005
1771365847223,2026-02-17 22:04:07.223000,XRPUSDT,1,18.6,1.4834,0.0,18.6,0.0,27.591240000000003
1771365848227,2026-02-17 22:04:08.227000,BTCUSDT,1,0.023,67636.4,0.023,0.0,1555.6372,0.0
1771365848227,2026-02-17 22:04:08.227000,ETHUSDT,0,0.0,,0.0,0.0,0.0,0.0
1771365848227,2026-02-17 22:04:08.227000,SOLUSDT,0,0.0,,0.0,0.0,0.0,0.0
1771365848227,2026-02-17 22:04:08.227000,BNBUSDT,1,0.1,618.7,0.0,0.1,0.0,61.870000000000005
1771365848227,2026-02-17 22:04:08.227000,XRPUSDT,0,0.0,,0.0,0.0,0.0,0.0
1771365849231,2026-02-17 22:04:09.231000,BTCUSDT,1,0.03,67636.4,0.0,0.03,0.0,2029.0919999999996
1771365849231,2026-02-17 22:04:09.231000,ETHUSDT,1,1.082,1999.0,0.0,1.082,0.0,2162.918
1771365849231,2026-02-17 22:04:09.231000,SOLUSDT,0,0.0,,0.0,0.0,0.0,0.0
1771365849231,2026-02-17 22:04:09.231000,BNBUSDT,1,0.18,618.7,0.0,0.18,0.0,111.366
1771365849231,2026-02-17 22:04:09.231000,XRPUSDT,1,37.2,1.4834,37.2,0.0,55.182480000000005,0.0
1771365850239,2026-02-17 22:04:10.239000,BTCUSDT,1,0.002,67636.4,0.002,0.0,135.2728,0.0
1771365850239,2026-02-17 22:04:10.239000,ETHUSDT,0,0.0,,0.0,0.0,0.0,0.0
1771365850239,2026-02-17 22:04:10.239000,SOLUSDT,1,10.94,85.21,0.0,10.94,0.0,932.1973999999999
1771365850239,2026-02-17 22:04:10.239000,BNBUSDT,0,0.0,,0.0,0.0,0.0,0.0
1771365850239,2026-02-17 22:04:10.239000,XRPUSDT,0,0.0,,0.0,0.0,0.0,0.0
1771365851244,2026-02-17 22:04:11.244000,BTCUSDT,2,0.048,67636.4,0.048,0.0,3246.5472,0.0
1771365851244,2026-02-17 22:04:11.244000,ETHUSDT,0,0.0,,0.0,0.0,0.0,0.0
1771365851244,2026-02-17 22:04:11.244000,SOLUSDT,0,0.0,,0.0,0.0,0.0,0.0
1771365851244,2026-02-17 22:04:11.244000,BNBUSDT,1,0.44,618.7,0.44,0.0,272.228,0.0
1771365851244,2026-02-17 22:04:11.244000,XRPUSDT,0,0.0,,0.0,0.0,0.0,0.0
1771365852252,2026-02-17 22:04:12.252000,BTCUSDT,0,0.0,,0.0,0.0,0.0,0.0
1771365852252,2026-02-17 22:04:12.252000,ETHUSDT,1,0.629,1999.0000000000002,0.629,0.0,1257.371,0.0
1771365852252,2026-02-17 22:04:12.252000,SOLUSDT,0,0.0,,0.0,0.0,0.0,0.0
1771365852252,2026-02-17 22:04:12.252000,BNBUSDT,0,0.0,,0.0,0.0,0.0,0.0
1771365852252,2026-02-17 22:04:12.252000,XRPUSDT,0,0.0,,0.0,0.0,0.0,0.0
1771365853261,2026-02-17 22:04:13.261000,BTCUSDT,0,0.0,,0.0,0.0,0.0,0.0
1771365853261,2026-02-17 22:04:13.261000,ETHUSDT,0,0.0,,0.0,0.0,0.0,0.0
1771365853261,2026-02-17 22:04:13.261000,SOLUSDT,0,0.0,,0.0,0.0,0.0,0.0
1771365853261,2026-02-17 22:04:13.261000,BNBUSDT,0,0.0,,0.0,0.0,0.0,0.0
1771365853261,2026-02-17 22:04:13.261000,XRPUSDT,1,14.2,1.4831,0.0,14.2,0.0,21.06002
1771365854269,2026-02-17 22:04:14.269000,BTCUSDT,1,0.048,67636.4,0.0,0.048,0.0,3246.5472
1771365854269,2026-02-17 22:04:14.269000,ETHUSDT,1,1.249,1999.0,1.249,0.0,2496.751,0.0
1771365854269,2026-02-17 22:04:14.269000,SOLUSDT,0,0.0,,0.0,0.0,0.0,0.0
1771365854269,2026-02-17 22:04:14.269000,BNBUSDT,0,0.0,,0.0,0.0,0.0,0.0
1771365854269,2026-02-17 22:04:14.269000,XRPUSDT,1,33.6,1.4831,0.0,33.6,0.0,49.83216
1771365855277,2026-02-17 22:04:15.277000,BTCUSDT,0,0.0,,0.0,0.0,0.0,0.0
1771365855277,2026-02-17 22:04:15.277000,ETHUSDT,0,0.0,,0.0,0.0,0.0,0.0
1771365855277,2026-02-17 22:04:15.277000,SOLUSDT,1,8.34,85.21,8.34,0.0,710.6514,0.0
1771365855277,2026-02-17 22:04:15.277000,BNBUSDT,0,0.0,,0.0,0.0,0.0,0.0
1771365855277,2026-02-17 22:04:15.277000,XRPUSDT,0,0.0,,0.0,0.0,0.0,0.0
1771365856285,2026-02-17 22:04:16.285000,BTCUSDT,0,0.0,,0.0,0.0,0.0,0.0
1771365856285,2026-02-17 22:04:16.285000,ETHUSDT,0,0.0,,0.0,0.0,0.0,0.0
1771365856285,2026-02-17 22:04:16.285000,SOLUSDT,0,0.0,,0.0,0.0,0.0,0.0
1771365856285,2026-02-17 22:04:16.285000,BNBUSDT,1,0.2,618.7,0.0,0.2,0.0,123.74000000000001
1771365856285,2026-02-17 22:04:16.285000,XRPUSDT,1,63.5,1.4831,63.5,0.0,94.17685,0.0
1771365857296,2026-02-17 22:04:17.296000,BTCUSDT,2,0.031,67636.3935483871,0.029,0.002,1961.4556,135.2726
1771365857296,2026-02-17 22:04:17.296000,ETHUSDT,3,6.803,1998.4127296780832,5.859,0.9440000000000001,11708.625600000001,1886.5762000000002
1771365857296,2026-02-17 22:04:17.296000,SOLUSDT,0,0.0,,0.0,0.0,0.0,0.0
1771365857296,2026-02-17 22:04:17.296000,BNBUSDT,0,0.0,,0.0,0.0,0.0,0.0
1771365857296,2026-02-17 22:04:17.296000,XRPUSDT,1,63.5,1.4831,63.5,0.0,94.17685,0.0
1771365858305,2026-02-17 22:04:18.305000,BTCUSDT,1,0.052,67622.2,0.0,0.052,0.0,3516.3543999999997
1771365858305,2026-02-17 22:04:18.305000,ETHUSDT,1,0.905,1998.5,0.0,0.905,0.0,1808.6425000000002
1771365858305,2026-02-17 22:04:18.305000,SOLUSDT,0,0.0,,0.0,0.0,0.0,0.0
1771365858305,2026-02-17 22:04:18.305000,BNBUSDT,1,0.3,618.5,0.0,0.3,0.0,185.54999999999998
1771365858305,2026-02-17 22:04:18.305000,XRPUSDT,0,0.0,,0.0,0.0,0.0,0.0
1771365859316,2026-02-17 22:04:19.316000,BTCUSDT,1,0.052,67622.2,0.0,0.052,0.0,3516.3543999999997
1771365859316,2026-02-17 22:04:19.316000,ETHUSDT,1,1.53,1998.5,0.0,1.53,0.0,3057.705
1771365859316,2026-02-17 22:04:19.316000,SOLUSDT,1,4.16,85.21,4.16,0.0,354.4736,0.0
1771365859316,2026-02-17 22:04:19.316000,BNBUSDT,0,0.0,,0.0,0.0,0.0,0.0
1771365859316,2026-02-17 22:04:19.316000,XRPUSDT,0,0.0,,0.0,0.0,0.0,0.0
1771365860327,2026-02-17 22:04:20.327000,BTCUSDT,0,0.0,,0.0,0.0,0.0,0.0
1771365860327,2026-02-17 22:04:20.327000,ETHUSDT,0,0.0,,0.0,0.0,0.0,0.0
1771365860327,2026-02-17 22:04:20.327000,SOLUSDT,1,8.17,85.21,0.0,8.17,0.0,696.1656999999999
1771365860327,2026-02-17 22:04:20.327000,BNBUSDT,0,0.0,,0.0,0.0,0.0,0.0
1771365860327,2026-02-17 22:04:20.327000,XRPUSDT,0,0.0,,0.0,0.0,0.0,0.0
1771365861335,2026-02-17 22:04:21.335000,BTCUSDT,1,0.034,67622.2,0.034,0.0,2299.1548000000003,0.0
1771365861335,2026-02-17 22:04:21.335000,ETHUSDT,0,0.0,,0.0,0.0,0.0,0.0
1771365861335,2026-02-17 22:04:21.335000,SOLUSDT,0,0.0,,0.0,0.0,0.0,0.0
1771365861335,2026-02-17 22:04:21.335000,BNBUSDT,1,0.36,618.5,0.36,0.0,222.66,0.0
1771365861335,2026-02-17 22:04:21.335000,XRPUSDT,1,21.3,1.4828,0.0,21.3,0.0,31.58364
1771365862344,2026-02-17 22:04:22.344000,BTCUSDT,1,0.057,67622.2,0.0,0.057,0.0,3854.4654
1771365862344,2026-02-17 22:04:22.344000,ETHUSDT,1,1.533,1998.5,1.533,0.0,3063.7005,0.0
1771365862344,2026-02-17 22:04:22.344000,SOLUSDT,0,0.0,,0.0,0.0,0.0,0.0
1771365862344,2026-02-17 22:04:22.344000,BNBUSDT,0,0.0,,0.0,0.0,0.0,0.0
1771365862344,2026-02-17 22:04:22.344000,XRPUSDT,1,41.7,1.4828,0.0,41.7,0.0,61.83276
1771365863354,2026-02-17 22:04:23.354000,BTCUSDT,1,0.057,67622.2,0.0,0.057,0.0,3854.4654
1771365863354,2026-02-17 22:04:23.354000,ETHUSDT,0,0.0,,0.0,0.0,0.0,0.0
1771365863354,2026-02-17 22:04:23.354000,SOLUSDT,1,9.42,85.21,9.42,0.0,802.6782,0.0
1771365863354,2026-02-17 22:04:23.354000,BNBUSDT,0,0.0,,0.0,0.0,0.0,0.0
1771365863354,2026-02-17 22:04:23.354000,XRPUSDT,0,0.0,,0.0,0.0,0.0,0.0
1771365864360,2026-02-17 22:04:24.360000,BTCUSDT,0,0.0,,0.0,0.0,0.0,0.0
1771365864360,2026-02-17 22:04:24.360000,ETHUSDT,1,2.104,1998.5,0.0,2.104,0.0,4204.844
1771365864360,2026-02-17 22:04:24.360000,SOLUSDT,0,0.0,,0.0,0.0,0.0,0.0
1771365864360,2026-02-17 22:04:24.360000,BNBUSDT,0,0.0,,0.0,0.0,0.0,0.0
1771365864360,2026-02-17 22:04:24.360000,XRPUSDT,0,0.0,,0.0,0.0,0.0,0.0
1771365865368,2026-02-17 22:04:25.368000,BTCUSDT,1,0.044,67622.2,0.044,0.0,2975.3767999999995,0.0
1771365865368,2026-02-17 22:04:25.368000,ETHUSDT,0,0.0,,0.0,0.0,0.0,0.0
1771365865368,2026-02-17 22:04:25.368000,SOLUSDT,0,0.0,,0.0,0.0,0.0,0.0
1771365865368,2026-02-17 22:04:25.368000,BNBUSDT,0,0.0,,0.0,0.0,0.0,0.0
1771365865368,2026-02-17 22:04:25.368000,XRPUSDT,1,58.1,1.4829,58.1,0.0,86.15649,0.0
1771365866376,2026-02-17 22:04:26.376000,BTCUSDT,0,0.0,,0.0,0.0,0.0,0.0
1771365866376,2026-02-17 22:04:26.376000,ETHUSDT,0,0.0,,0.0,0.0,0.0,0.0
1771365866376,2026-02-17 22:04:26.376000,SOLUSDT,0,0.0,,0.0,0.0,0.0,0.0
1771365866376,2026-02-17 22:04:26.376000,BNBUSDT,1,0.2,618.5,0.0,0.2,0.0,123.7
1771365866376,2026-02-17 22:04:26.376000,XRPUSDT,0,0.0,,0.0,0.0,0.0,0.0
1771365867386,2026-02-17 22:04:27.386000,BTCUSDT,1,0.053,67622.2,0.053,0.0,3583.9766,0.0
1771365867386,2026-02-17 22:04:27.386000,ETHUSDT,0,0.0,,0.0,0.0,0.0,0.0
1771365867386,2026-02-17 22:04:27.386000,SOLUSDT,1,3.9,85.21,0.0,3.9,0.0,332.31899999999996
1771365867386,2026-02-17 22:04:27.386000,BNBUSDT,0,0.0,,0.0,0.0,0.0,0.0
1771365867386,2026-02-17 22:04:27.386000,XRPUSDT,0,0.0,,0.0,0.0,0.0,0.0
1771365868394,2026-02-17 22:04:28.394000,BTCUSDT,1,0.053,67622.2,0.053,0.0,3583.9766,0.0
1771365868394,2026-02-17 22:04:28.394000,ETHUSDT,1,1.706,1998.5,1.706,0.0,3409.441,0.0
1771365868394,2026-02-17 22:04:28.394000,SOLUSDT,1,5.45,85.21,0.0,5.45,0.0,464.3945
1771365868394,2026-02-17 22:04:28.394000,BNBUSDT,0,0.0,,0.0,0.0,0.0,0.0
1771365868394,2026-02-17 22:04:28.394000,XRPUSDT,1,79.2,1.4825,0.0,79.2,0.0,117.414
1771365869402,2026-02-17 22:04:29.402000,BTCUSDT,0,0.0,,0.0,0.0,0.0,0.0
1771365869402,2026-02-17 22:04:29.402000,ETHUSDT,0,0.0,,0.0,0.0,0.0,0.0
1771365869402,2026-02-17 22:04:29.402000,SOLUSDT,0,0.0,,0.0,0.0,0.0,0.0
1771365869402,2026-02-17 22:04:29.402000,BNBUSDT,1,0.22,618.5,0.22,0.0,136.07,0.0
1771365869402,2026-02-17 22:04:29.402000,XRPUSDT,0,0.0,,0.0,0.0,0.0,0.0
1771365870414,2026-02-17 22:04:30.414000,BTCUSDT,1,0.049,67622.2,0.0,0.049,0.0,3313.4878
1771365870414,2026-02-17 22:04:30.414000,ETHUSDT,0,0.0,,0.0,0.0,0.0,0.0
1771365870414,2026-02-17 22:04:30.414000,SOLUSDT,0,0.0,,0.0,0.0,0.0,0.0
1771365870414,2026-02-17 22:04:30.414000,BNBUSDT,0,0.0,,0.0,0.0,0.0,0.0
1771365870414,2026-02-17 22:04:30.414000,XRPUSDT,0,0.0,,0.0,0.0,0.0,0.0
1771365871452,2026-02-17 22:04:31.452000,BTCUSDT,0,0.0,,0.0,0.0,0.0,0.0
1771365871452,2026-02-17 22:04:31.452000,ETHUSDT,1,0.816,1998.5,0.816,0.0,1630.7759999999998,0.0
1771365871452,2026-02-17 22:04:31.452000,SOLUSDT,1,7.8,85.21,7.8,0.0,664.6379999999999,0.0
1771365871452,2026-02-17 22:04:31.452000,BNBUSDT,0,0.0,,0.0,0.0,0.0,0.0
1771365871452,2026-02-17 22:04:31.452000,XRPUSDT,0,0.0,,0.0,0.0,0.0,0.0
1771365872461,2026-02-17 22:04:32.461000,BTCUSDT,0,0.0,,0.0,0.0,0.0,0.0
1771365872461,2026-02-17 22:04:32.461000,ETHUSDT,0,0.0,,0.0,0.0,0.0,0.0
1771365872461,2026-02-17 22:04:32.461000,SOLUSDT,0,0.0,,0.0,0.0,0.0,0.0
1771365872461,2026-02-17 22:04:32.461000,BNBUSDT,1,0.07,618.5,0.0,0.07,0.0,43.295
1771365872461,2026-02-17 22:04:32.461000,XRPUSDT,1,50.6,1.4828,50.6,0.0,75.02968,0.0
1771365873468,2026-02-17 22:04:33.468000,BTCUSDT,1,0.021,67622.2,0.021,0.0,1420.0662,0.0
1771365873468,2026-02-17 22:04:33.468000,ETHUSDT,1,1.896,1998.5,0.0,1.896,0.0,3789.156
1771365873468,2026-02-17 22:04:33.468000,SOLUSDT,0,0.0,,0.0,0.0,0.0,0.0
1771365873468,2026-02-17 22:04:33.468000,BNBUSDT,1,0.26,618.5,0.0,0.26,0.0,160.81
1771365873468,2026-02-17 22:04:33.468000,XRPUSDT,0,0.0,,0.0,0.0,0.0,0.0
1771365874478,2026-02-17 22:04:34.478000,BTCUSDT,1,0.033,67622.2,0.0,0.033,0.0,2231.5326
1771365874478,2026-02-17 22:04:34.478000,ETHUSDT,0,0.0,,0.0,0.0,0.0,0.0
1771365874478,2026-02-17 22:04:34.478000,SOLUSDT,1,5.66,85.21,0.0,5.66,0.0,482.2886
1771365874478,2026-02-17 22:04:34.478000,BNBUSDT,0,0.0,,0.0,0.0,0.0,0.0
1771365874478,2026-02-17 22:04:34.478000,XRPUSDT,0,0.0,,0.0,0.0,0.0,0.0
1771365875488,2026-02-17 22:04:35.488000,BTCUSDT,0,0.0,,0.0,0.0,0.0,0.0
1771365875488,2026-02-17 22:04:35.488000,ETHUSDT,0,0.0,,0.0,0.0,0.0,0.0
1771365875488,2026-02-17 22:04:35.488000,SOLUSDT,0,0.0,,0.0,0.0,0.0,0.0
1771365875488,2026-02-17 22:04:35.488000,BNBUSDT,0,0.0,,0.0,0.0,0.0,0.0
1771365875488,2026-02-17 22:04:35.488000,XRPUSDT,1,19.9,1.4828,0.0,19.9,0.0,29.507719999999996
1771365876497,2026-02-17 22:04:36.497000,BTCUSDT,1,0.036,67622.2,0.036,0.0,2434.3992,0.0
1771365876497,2026-02-17 22:04:36.497000,ETHUSDT,1,1.19,1998.4999999999998,1.19,0.0,2378.2149999999997,0.0
1771365876497,2026-02-17 22:04:36.497000,SOLUSDT,0,0.0,,0.0,0.0,0.0,0.0
1771365876497,2026-02-17 22:04:36.497000,BNBUSDT,0,0.0,,0.0,0.0,0.0,0.0
1771365876497,2026-02-17 22:04:36.497000,XRPUSDT,1,19.9,1.4828,0.0,19.9,0.0,29.507719999999996
1771365877508,2026-02-17 22:04:37.508000,BTCUSDT,0,0.0,,0.0,0.0,0.0,0.0
1771365877508,2026-02-17 22:04:37.508000,ETHUSDT,0,0.0,,0.0,0.0,0.0,0.0
1771365877508,2026-02-17 22:04:37.508000,SOLUSDT,0,0.0,,0.0,0.0,0.0,0.0
1771365877508,2026-02-17 22:04:37.508000,BNBUSDT,1,0.13,618.5,0.13,0.0,80.405,0.0
1771365877508,2026-02-17 22:04:37.508000,XRPUSDT,1,53.5,1.4828,53.5,0.0,79.32979999999999,0.0
1771365878519,2026-02-17 22:04:38.519000,BTCUSDT,1,0.02,67622.2,0.0,0.02,0.0,1352.444
1771365878519,2026-02-17 22:04:38.519000,ETHUSDT,1,1.447,1998.5,1.447,0.0,2891.8295000000003,0.0
1771365878519,2026-02-17 22:04:38.519000,SOLUSDT,1,4.95,85.21,4.95,0.0,421.7895,0.0
1771365878519,2026-02-17 22:04:38.519000,BNBUSDT,1,0.13,618.5,0.0,0.13,0.0,80.405
1771365878519,2026-02-17 22:04:38.519000,XRPUSDT,0,0.0,,0.0,0.0,0.0,0.0
1771365879526,2026-02-17 22:04:39.526000,BTCUSDT,1,0.048,67622.2,0.048,0.0,3245.8656,0.0
1771365879526,2026-02-17 22:04:39.526000,ETHUSDT,0,0.0,,0.0,0.0,0.0,0.0
1771365879526,2026-02-17 22:04:39.526000,SOLUSDT,0,0.0,,0.0,0.0,0.0,0.0
1771365879526,2026-02-17 22:04:39.526000,BNBUSDT,0,0.0,,0.0,0.0,0.0,0.0
1771365879526,2026-02-17 22:04:39.526000,XRPUSDT,0,0.0,,0.0,0.0,0.0,0.0
1771365880538,2026-02-17 22:04:40.538000,BTCUSDT,0,0.0,,0.0,0.0,0.0,0.0
1771365880538,2026-02-17 22:04:40.538000,ETHUSDT,0,0.0,,0.0,0.0,0.0,0.0
1771365880538,2026-02-17 22:04:40.538000,SOLUSDT,0,0.0,,0.0,0.0,0.0,0.0
1771365880538,2026-02-17 22:04:40.538000,BNBUSDT,1,0.21,618.5,0.21,0.0,129.885,0.0
1771365880538,2026-02-17 22:04:40.538000,XRPUSDT,1,37.4,1.4828,0.0,37.4,0.0,55.45672
1771365881551,2026-02-17 22:04:41.551000,BTCUSDT,0,0.0,,0.0,0.0,0.0,0.0
1771365881551,2026-02-17 22:04:41.551000,ETHUSDT,1,0.948,1998.5,0.0,0.948,0.0,1894.578
1771365881551,2026-02-17 22:04:41.551000,SOLUSDT,0,0.0,,0.0,0.0,0.0,0.0
1771365881551,2026-02-17 22:04:41.551000,BNBUSDT,0,0.0,,0.0,0.0,0.0,0.0
1771365881551,2026-02-17 22:04:41.551000,XRPUSDT,0,0.0,,0.0,0.0,0.0,0.0
1771365882562,2026-02-17 22:04:42.562000,BTCUSDT,1,0.032,67622.2,0.0,0.032,0.0,2163.9103999999998
1771365882562,2026-02-17 22:04:42.562000,ETHUSDT,0,0.0,,0.0,0.0,0.0,0.0
1771365882562,2026-02-17 22:04:42.562000,SOLUSDT,1,3.37,85.21,0.0,3.37,0.0,287.1577
1771365882562,2026-02-17 22:04:42.562000,BNBUSDT,0,0.0,,0.0,0.0,0.0,0.0
1771365882562,2026-02-17 22:04:42.562000,XRPUSDT,1,76.5,1.4828,0.0,76.5,0.0,113.43419999999999
1771365883568,2026-02-17 22:04:43.568000,BTCUSDT,0,0.0,,0.0,0.0,0.0,0.0
1771365883568,2026-02-17 22:04:43.568000,ETHUSDT,1,1.66,1998.5,0.0,1.66,0.0,3317.5099999999998
1771365883568,2026-02-17 22:04:43.568000,SOLUSDT,1,5.41,85.21,5.41,0.0,460.98609999999996,0.0
1771365883568,2026-02-17 22:04:43.568000,BNBUSDT,1,0.33,618.5,0.0,0.33,0.0,204.10500000000002
1771365883568,2026-02-17 22:04:43.568000,XRPUSDT,0,0.0,,0.0,0.0,0.0,0.0
1771365884581,2026-02-17 22:04:44.581000,BTCUSDT,1,0.042,67622.2,0.0,0.042,0.0,2840.1324
1771365884581,2026-02-17 22:04:44.581000,ETHUSDT,0,0.0,,0.0,0.0,0.0,0.0
1771365884581,2026-02-17 22:04:44.581000,SOLUSDT,0,0.0,,0.0,0.0,0.0,0.0
1771365884581,2026-02-17 22:04:44.581000,BNBUSDT,0,0.0,,0.0,0.0,0.0,0.0
1771365884581,2026-02-17 22:04:44.581000,XRPUSDT,0,0.0,,0.0,0.0,0.0,0.0
1771365885591,2026-02-17 22:04:45.591000,BTCUSDT,0,0.0,,0.0,0.0,0.0,0.0
1771365885591,2026-02-17 22:04:45.591000,ETHUSDT,0,0.0,,0.0,0.0,0.0,0.0
1771365885591,2026-02-17 22:04:45.591000,SOLUSDT,1,3.39,85.21,0.0,3.39,0.0,288.8619
1771365885591,2026-02-17 22:04:45.591000,BNBUSDT,0,0.0,,0.0,0.0,0.0,0.0
1771365885591,2026-02-17 22:04:45.591000,XRPUSDT,0,0.0,,0.0,0.0,0.0,0.0
1771365886601,2026-02-17 22:04:46.601000,BTCUSDT,1,0.025,67622.2,0.025,0.0,1690.555,0.0
1771365886601,2026-02-17 22:04:46.601000,ETHUSDT,1,0.537,1998.5,0.537,0.0,1073.1945,0.0
1771365886601,2026-02-17 22:04:46.601000,SOLUSDT,0,0.0,,0.0,0.0,0.0,0.0
1771365886601,2026-02-17 22:04:46.601000,BNBUSDT,0,0.0,,0.0,0.0,0.0,0.0
1771365886601,2026-02-17 22:04:46.601000,XRPUSDT,1,62.6,1.4828,62.6,0.0,92.82328,0.0
1771365887607,2026-02-17 22:04:47.607000,BTCUSDT,1,0.025,67622.2,0.025,0.0,1690.555,0.0
1771365887607,2026-02-17 22:04:47.607000,ETHUSDT,1,0.549,1998.5,0.549,0.0,1097.1765,0.0
1771365887607,2026-02-17 22:04:47.607000,SOLUSDT,1,7.66,85.21,0.0,7.66,0.0,652.7085999999999
1771365887607,2026-02-17 22:04:47.607000,BNBUSDT,0,0.0,,0.0,0.0,0.0,0.0
1771365887607,2026-02-17 22:04:47.607000,XRPUSDT,0,0.0,,0.0,0.0,0.0,0.0
1771365888618,2026-02-17 22:04:48.618000,BTCUSDT,1,0.045,67622.2,0.045,0.0,3042.999,0.0
1771365888618,2026-02-17 22:04:48.618000,ETHUSDT,1,1.772,1998.5,1.772,0.0,3541.342,0.0
1771365888618,2026-02-17 22:04:48.618000,SOLUSDT,0,0.0,,0.0,0.0,0.0,0.0
1771365888618,2026-02-17 22:04:48.618000,BNBUSDT,1,0.5,618.5,0.5,0.0,309.25,0.0
1771365888618,2026-02-17 22:04:48.618000,XRPUSDT,0,0.0,,0.0,0.0,0.0,0.0
1771365889626,2026-02-17 22:04:49.626000,BTCUSDT,0,0.0,,0.0,0.0,0.0,0.0
1771365889626,2026-02-17 22:04:49.626000,ETHUSDT,0,0.0,,0.0,0.0,0.0,0.0
1771365889626,2026-02-17 22:04:49.626000,SOLUSDT,0,0.0,,0.0,0.0,0.0,0.0
1771365889626,2026-02-17 22:04:49.626000,BNBUSDT,0,0.0,,0.0,0.0,0.0,0.0
1771365889626,2026-02-17 22:04:49.626000,XRPUSDT,0,0.0,,0.0,0.0,0.0,0.0
1771365890637,2026-02-17 22:04:50.637000,BTCUSDT,1,0.018,67622.2,0.0,0.018,0.0,1217.1996
1771365890637,2026-02-17 22:04:50.637000,ETHUSDT,0,0.0,,0.0,0.0,0.0,0.0
1771365890637,2026-02-17 22:04:50.637000,SOLUSDT,1,2.43,85.21,2.43,0.0,207.0603,0.0
1771365890637,2026-02-17 22:04:50.637000,BNBUSDT,0,0.0,,0.0,0.0,0.0,0.0
1771365890637,2026-02-17 22:04:50.637000,XRPUSDT,1,58.7,1.4828,58.7,0.0,87.04035999999999,0.0
1771365891649,2026-02-17 22:04:51.649000,BTCUSDT,1,0.018,67622.2,0.0,0.018,0.0,1217.1996
1771365891649,2026-02-17 22:04:51.649000,ETHUSDT,1,0.633,1998.5,0.0,0.633,0.0,1265.0505
1771365891649,2026-02-17 22:04:51.649000,SOLUSDT,1,10.18,85.21,10.18,0.0,867.4377999999999,0.0
1771365891649,2026-02-17 22:04:51.649000,BNBUSDT,0,0.0,,0.0,0.0,0.0,0.0
1771365891649,2026-02-17 22:04:51.649000,XRPUSDT,0,0.0,,0.0,0.0,0.0,0.0
1771365892660,2026-02-17 22:04:52.660000,BTCUSDT,1,0.043,67622.2,0.0,0.043,0.0,2907.7545999999998
1771365892660,2026-02-17 22:04:52.660000,ETHUSDT,0,0.0,,0.0,0.0,0.0,0.0
1771365892660,2026-02-17 22:04:52.660000,SOLUSDT,0,0.0,,0.0,0.0,0.0,0.0
1771365892660,2026-02-17 22:04:52.660000,BNBUSDT,0,0.0,,0.0,0.0,0.0,0.0
1771365892660,2026-02-17 22:04:52.660000,XRPUSDT,0,0.0,,0.0,0.0,0.0,0.0
1771365893671,2026-02-17 22:04:53.671000,BTCUSDT,0,0.0,,0.0,0.0,0.0,0.0
1771365893671,2026-02-17 22:04:53.671000,ETHUSDT,1,1.064,1998.5,0.0,1.064,0.0,2126.404
1771365893671,2026-02-17 22:04:53.671000,SOLUSDT,2,46.35,85.2204875943905,46.35,0.0,3949.9696000000004,0.0
1771365893671,2026-02-17 22:04:53.671000,BNBUSDT,1,0.11,618.5,0.0,0.11,0.0,68.035
1771365893671,2026-02-17 22:04:53.671000,XRPUSDT,0,0.0,,0.0,0.0,0.0,0.0
1771365894683,2026-02-17 22:04:54.683000,BTCUSDT,1,0.026,67622.2,0.026,0.0,1758.1771999999999,0.0
1771365894683,2026-02-17 22:04:54.683000,ETHUSDT,0,0.0,,0.0,0.0,0.0,0.0
1771365894683,2026-02-17 22:04:54.683000,SOLUSDT,0,0.0,,0.0,0.0,0.0,0.0
1771365894683,2026-02-17 22:04:54.683000,BNBUSDT,1,0.15,618.5,0.0,0.15,0.0,92.77499999999999
1771365894683,2026-02-17 22:04:54.683000,XRPUSDT,1,36.7,1.483,0.0,36.7,0.0,54.426100000000005
1771365895694,2026-02-17 22:04:55.694000,BTCUSDT,0,0.0,,0.0,0.0,0.0,0.0
1771365895694,2026-02-17 22:04:55.694000,ETHUSDT,1,1.576,1998.5,1.576,0.0,3149.636,0.0
1771365895694,2026-02-17 22:04:55.694000,SOLUSDT,1,15.73,85.24,0.0,15.73,0.0,1340.8252
1771365895694,2026-02-17 22:04:55.694000,BNBUSDT,1,0.22,618.5,0.0,0.22,0.0,136.07
1771365895694,2026-02-17 22:04:55.694000,XRPUSDT,1,87.2,1.4829999999999999,0.0,87.2,0.0,129.3176
1771365896704,2026-02-17 22:04:56.704000,BTCUSDT,1,0.014,67622.2,0.0,0.014,0.0,946.7108
1771365896704,2026-02-17 22:04:56.704000,ETHUSDT,0,0.0,,0.0,0.0,0.0,0.0
1771365896704,2026-02-17 22:04:56.704000,SOLUSDT,1,15.73,85.24,0.0,15.73,0.0,1340.8252
1771365896704,2026-02-17 22:04:56.704000,BNBUSDT,0,0.0,,0.0,0.0,0.0,0.0
1771365896704,2026-02-17 22:04:56.704000,XRPUSDT,0,0.0,,0.0,0.0,0.0,0.0
1771365897715,2026-02-17 22:04:57.715000,BTCUSDT,0,0.0,,0.0,0.0,0.0,0.0
1771365897715,2026-02-17 22:04:57.715000,ETHUSDT,0,0.0,,0.0,0.0,0.0,0.0
1771365897715,2026-02-17 22:04:57.715000,SOLUSDT,1,42.35,85.24,42.35,0.0,3609.9139999999998,0.0
1771365897715,2026-02-17 22:04:57.715000,BNBUSDT,0,0.0,,0.0,0.0,0.0,0.0
1771365897715,2026-02-17 22:04:57.715000,XRPUSDT,0,0.0,,0.0,0.0,0.0,0.0
1771365898721,2026-02-17 22:04:58.721000,BTCUSDT,1,0.025,67622.2,0.025,0.0,1690.555,0.0
1771365898721,2026-02-17 22:04:58.721000,ETHUSDT,1,1.126,1998.5,0.0,1.126,0.0,2250.3109999999997
1771365898721,2026-02-17 22:04:58.721000,SOLUSDT,0,0.0,,0.0,0.0,0.0,0.0
1771365898721,2026-02-17 22:04:58.721000,BNBUSDT,1,0.47,618.5,0.47,0.0,290.695,0.0
1771365898721,2026-02-17 22:04:58.721000,XRPUSDT,0,0.0,,0.0,0.0,0.0,0.0
1771365899729,2026-02-17 22:04:59.729000,BTCUSDT,0,0.0,,0.0,0.0,0.0,0.0
1771365899729,2026-02-17 22:04:59.729000,ETHUSDT,0,0.0,,0.0,0.0,0.0,0.0
1771365899729,2026-02-17 22:04:59.729000,SOLUSDT,0,0.0,,0.0,0.0,0.0,0.0
1771365899729,2026-02-17 22:04:59.729000,BNBUSDT,1,0.04,618.6,0.04,0.0,24.744,0.0
1771365899729,2026-02-17 22:04:59.729000,XRPUSDT,0,0.0,,0.0,0.0,0.0,0.0
1771365900734,2026-02-17 22:05:00.734000,BTCUSDT,1,0.018,67622.2,0.0,0.018,0.0,1217.1996
1771365900734,2026-02-17 22:05:00.734000,ETHUSDT,1,0.625,1998.5,0.0,0.625,0.0,1249.0625
1771365900734,2026-02-17 22:05:00.734000,SOLUSDT,0,0.0,,0.0,0.0,0.0,0.0
1771365900734,2026-02-17 22:05:00.734000,BNBUSDT,1,0.04,618.6,0.04,0.0,24.744,0.0
1771365900734,2026-02-17 22:05:00.734000,XRPUSDT,1,87.6,1.483,87.6,0.0,129.9108,0.0
1771365901742,2026-02-17 22:05:01.742000,BTCUSDT,0,0.0,,0.0,0.0,0.0,0.0
1771365901742,2026-02-17 22:05:01.742000,ETHUSDT,0,0.0,,0.0,0.0,0.0,0.0
1771365901742,2026-02-17 22:05:01.742000,SOLUSDT,0,0.0,,0.0,0.0,0.0,0.0
1771365901742,2026-02-17 22:05:01.742000,BNBUSDT,0,0.0,,0.0,0.0,0.0,0.0
1771365901742,2026-02-17 22:05:01.742000,XRPUSDT,0,0.0,,0.0,0.0,0.0,0.0
1771365902750,2026-02-17 22:05:02.750000,BTCUSDT,1,0.022,67622.2,0.022,0.0,1487.6883999999998,0.0
1771365902750,2026-02-17 22:05:02.750000,ETHUSDT,0,0.0,,0.0,0.0,0.0,0.0
1771365902750,2026-02-17 22:05:02.750000,SOLUSDT,1,45.63,85.24,0.0,45.63,0.0,3889.5012
1771365902750,2026-02-17 22:05:02.750000,BNBUSDT,1,0.24,618.5,0.0,0.24,0.0,148.44
1771365902750,2026-02-17 22:05:02.750000,XRPUSDT,0,0.0,,0.0,0.0,0.0,0.0
1771365903759,2026-02-17 22:05:03.759000,BTCUSDT,0,0.0,,0.0,0.0,0.0,0.0
1771365903759,2026-02-17 22:05:03.759000,ETHUSDT,1,1.096,1998.5,0.0,1.096,0.0,2190.356
1771365903759,2026-02-17 22:05:03.759000,SOLUSDT,0,0.0,,0.0,0.0,0.0,0.0
1771365903759,2026-02-17 22:05:03.759000,BNBUSDT,0,0.0,,0.0,0.0,0.0,0.0
1771365903759,2026-02-17 22:05:03.759000,XRPUSDT,0,0.0,,0.0,0.0,0.0,0.0
1771365904770,2026-02-17 22:05:04.770000,BTCUSDT,1,0.026,67622.2,0.0,0.026,0.0,1758.1771999999999
1771365904770,2026-02-17 22:05:04.770000,ETHUSDT,0,0.0,,0.0,0.0,0.0,0.0
1771365904770,2026-02-17 22:05:04.770000,SOLUSDT,0,0.0,,0.0,0.0,0.0,0.0
1771365904770,2026-02-17 22:05:04.770000,BNBUSDT,0,0.0,,0.0,0.0,0.0,0.0
1771365904770,2026-02-17 22:05:04.770000,XRPUSDT,1,39.2,1.4831,0.0,39.2,0.0,58.13752000000001
1771365905783,2026-02-17 22:05:05.783000,BTCUSDT,0,0.0,,0.0,0.0,0.0,0.0
1771365905783,2026-02-17 22:05:05.783000,ETHUSDT,1,0.772,1998.5,0.772,0.0,1542.842,0.0
1771365905783,2026-02-17 22:05:05.783000,SOLUSDT,0,0.0,,0.0,0.0,0.0,0.0
1771365905783,2026-02-17 22:05:05.783000,BNBUSDT,0,0.0,,0.0,0.0,0.0,0.0
1771365905783,2026-02-17 22:05:05.783000,XRPUSDT,0,0.0,,0.0,0.0,0.0,0.0
1771365906793,2026-02-17 22:05:06.793000,BTCUSDT,0,0.0,,0.0,0.0,0.0,0.0
1771365906793,2026-02-17 22:05:06.793000,ETHUSDT,0,0.0,,0.0,0.0,0.0,0.0
1771365906793,2026-02-17 22:05:06.793000,SOLUSDT,0,0.0,,0.0,0.0,0.0,0.0
1771365906793,2026-02-17 22:05:06.793000,BNBUSDT,1,0.16,618.5,0.0,0.16,0.0,98.96000000000001
1771365906793,2026-02-17 22:05:06.793000,XRPUSDT,1,69.6,1.4831,69.6,0.0,103.22376,0.0
1771365907799,2026-02-17 22:05:07.799000,BTCUSDT,1,0.011,67622.2,0.011,0.0,743.8441999999999,0.0
1771365907799,2026-02-17 22:05:07.799000,ETHUSDT,1,1.913,1998.6,0.0,1.913,0.0,3823.3217999999997
1771365907799,2026-02-17 22:05:07.799000,SOLUSDT,1,20.14,85.25,20.14,0.0,1716.935,0.0
1771365907799,2026-02-17 22:05:07.799000,BNBUSDT,0,0.0,,0.0,0.0,0.0,0.0
1771365907799,2026-02-17 22:05:07.799000,XRPUSDT,0,0.0,,0.0,0.0,0.0,0.0
1771365908809,2026-02-17 22:05:08.809000,BTCUSDT,1,0.017,67622.2,0.0,0.017,0.0,1149.5774000000001
1771365908809,2026-02-17 22:05:08.809000,ETHUSDT,0,0.0,,0.0,0.0,0.0,0.0
1771365908809,2026-02-17 22:05:08.809000,SOLUSDT,0,0.0,,0.0,0.0,0.0,0.0
1771365908809,2026-02-17 22:05:08.809000,BNBUSDT,1,0.26,618.5,0.26,0.0,160.81,0.0
1771365908809,2026-02-17 22:05:08.809000,XRPUSDT,0,0.0,,0.0,0.0,0.0,0.0
1771365909816,2026-02-17 22:05:09.816000,BTCUSDT,0,0.0,,0.0,0.0,0.0,0.0
1771365909816,2026-02-17 22:05:09.816000,ETHUSDT,0,0.0,,0.0,0.0,0.0,0.0
1771365909816,2026-02-17 22:05:09.816000,SOLUSDT,1,45.5,85.25,0.0,45.5,0.0,3878.875
1771365909816,2026-02-17 22:05:09.816000,BNBUSDT,0,0.0,,0.0,0.0,0.0,0.0
1771365909816,2026-02-17 22:05:09.816000,XRPUSDT,1,90.6,1.4831000000000003,0.0,90.6,0.0,134.36886
1771365910825,2026-02-17 22:05:10.825000,BTCUSDT,1,0.019,67622.2,0.019,0.0,1284.8218,0.0
1771365910825,2026-02-17 22:05:10.825000,ETHUSDT,1,0.631,1998.6000000000001,0.631,0.0,1261.1166,0.0
1771365910825,2026-02-17 22:05:10.825000,SOLUSDT,0,0.0,,0.0,0.0,0.0,0.0
1771365910825,2026-02-17 22:05:10.825000,BNBUSDT,0,0.0,,0.0,0.0,0.0,0.0
1771365910825,2026-02-17 22:05:10.825000,XRPUSDT,0,0.0,,0.0,0.0,0.0,0.0
1771365911857,2026-02-17 22:05:11.857000,BTCUSDT,0,0.0,,0.0,0.0,0.0,0.0
1771365911857,2026-02-17 22:05:11.857000,ETHUSDT,0,0.0,,0.0,0.0,0.0,0.0
1771365911857,2026-02-17 22:05:11.857000,SOLUSDT,0,0.0,,0.0,0.0,0.0,0.0
1771365911857,2026-02-17 22:05:11.857000,BNBUSDT,0,0.0,,0.0,0.0,0.0,0.0
1771365911857,2026-02-17 22:05:11.857000,XRPUSDT,0,0.0,,0.0,0.0,0.0,0.0
1771365912863,2026-02-17 22:05:12.863000,BTCUSDT,1,0.015,67622.2,0.0,0.015,0.0,1014.333
1771365912863,2026-02-17 22:05:12.863000,ETHUSDT,1,1.722,1998.6,1.722,0.0,3441.5892,0.0
1771365912863,2026-02-17 22:05:12.863000,SOLUSDT,0,0.0,,0.0,0.0,0.0,0.0
1771365912863,2026-02-17 22:05:12.863000,BNBUSDT,1,0.21,618.5,0.0,0.21,0.0,129.885
1771365912863,2026-02-17 22:05:12.863000,XRPUSDT,0,0.0,,0.0,0.0,0.0,0.0
1771365913868,2026-02-17 22:05:13.868000,BTCUSDT,0,0.0,,0.0,0.0,0.0,0.0
1771365913868,2026-02-17 22:05:13.868000,ETHUSDT,0,0.0,,0.0,0.0,0.0,0.0
1771365913868,2026-02-17 22:05:13.868000,SOLUSDT,0,0.0,,0.0,0.0,0.0,0.0
1771365913868,2026-02-17 22:05:13.868000,BNBUSDT,0,0.0,,0.0,0.0,0.0,0.0
1771365913868,2026-02-17 22:05:13.868000,XRPUSDT,1,30.9,1.4831,30.9,0.0,45.82779,0.0
1771365914874,2026-02-17 22:05:14.874000,BTCUSDT,1,0.021,67622.2,0.021,0.0,1420.0662,0.0
1771365914874,2026-02-17 22:05:14.874000,ETHUSDT,0,0.0,,0.0,0.0,0.0,0.0
1771365914874,2026-02-17 22:05:14.874000,SOLUSDT,1,37.26,85.25,37.26,0.0,3176.415,0.0
1771365914874,2026-02-17 22:05:14.874000,BNBUSDT,0,0.0,,0.0,0.0,0.0,0.0
1771365914874,2026-02-17 22:05:14.874000,XRPUSDT,0,0.0,,0.0,0.0,0.0,0.0
1771365915880,2026-02-17 22:05:15.880000,BTCUSDT,0,0.0,,0.0,0.0,0.0,0.0
1771365915880,2026-02-17 22:05:15.880000,ETHUSDT,1,1.831,1998.5999999999997,0.0,1.831,0.0,3659.4365999999995
1771365915880,2026-02-17 22:05:15.880000,SOLUSDT,0,0.0,,0.0,0.0,0.0,0.0
1771365915880,2026-02-17 22:05:15.880000,BNBUSDT,1,0.28,618.5,0.28,0.0,173.18,0.0
1771365915880,2026-02-17 22:05:15.880000,XRPUSDT,1,72.5,1.4831,72.5,0.0,107.52475000000001,0.0
1771365916887,2026-02-17 22:05:16.887000,BTCUSDT,1,0.009,67622.2,0.0,0.009,0.0,608.5998
1771365916887,2026-02-17 22:05:16.887000,ETHUSDT,0,0.0,,0.0,0.0,0.0,0.0
1771365916887,2026-02-17 22:05:16.887000,SOLUSDT,0,0.0,,0.0,0.0,0.0,0.0
1771365916887,2026-02-17 22:05:16.887000,BNBUSDT,0,0.0,,0.0,0.0,0.0,0.0
1771365916887,2026-02-17 22:05:16.887000,XRPUSDT,0,0.0,,0.0,0.0,0.0,0.0
1771365917893,2026-02-17 22:05:17.893000,BTCUSDT,1,0.009,67622.2,0.0,0.009,0.0,608.5998
1771365917893,2026-02-17 22:05:17.893000,ETHUSDT,0,0.0,,0.0,0.0,0.0,0.0
1771365917893,2026-02-17 22:05:17.893000,SOLUSDT,0,0.0,,0.0,0.0,0.0,0.0
1771365917893,2026-02-17 22:05:17.893000,BNBUSDT,0,0.0,,0.0,0.0,0.0,0.0
1771365917893,2026-02-17 22:05:17.893000,XRPUSDT,0,0.0,,0.0,0.0,0.0,0.0
1771365918900,2026-02-17 22:05:18.900000,BTCUSDT,0,0.0,,0.0,0.0,0.0,0.0
1771365918900,2026-02-17 22:05:18.900000,ETHUSDT,1,0.688,1998.6,0.688,0.0,1375.0367999999999,0.0
1771365918900,2026-02-17 22:05:18.900000,SOLUSDT,1,19.58,85.26,19.58,0.0,1669.3908,0.0
1771365918900,2026-02-17 22:05:18.900000,BNBUSDT,1,0.26,618.5,0.0,0.26,0.0,160.81
1771365918900,2026-02-17 22:05:18.900000,XRPUSDT,0,0.0,,0.0,0.0,0.0,0.0
1771365919911,2026-02-17 22:05:19.911000,BTCUSDT,0,0.0,,0.0,0.0,0.0,0.0
1771365919911,2026-02-17 22:05:19.911000,ETHUSDT,2,0.752,1998.6085106382977,0.752,0.0,1502.9535999999998,0.0
1771365919911,2026-02-17 22:05:19.911000,SOLUSDT,0,0.0,,0.0,0.0,0.0,0.0
1771365919911,2026-02-17 22:05:19.911000,BNBUSDT,0,0.0,,0.0,0.0,0.0,0.0
1771365919911,2026-02-17 22:05:19.911000,XRPUSDT,1,67.9,1.4831,0.0,67.9,0.0,100.70249000000001
1771365920922,2026-02-17 22:05:20.922000,BTCUSDT,1,0.005,67622.2,0.005,0.0,338.111,0.0
1771365920922,2026-02-17 22:05:20.922000,ETHUSDT,0,0.0,,0.0,0.0,0.0,0.0
1771365920922,2026-02-17 22:05:20.922000,SOLUSDT,1,26.08,85.26000000000002,0.0,26.08,0.0,2223.5808
1771365920922,2026-02-17 22:05:20.922000,BNBUSDT,0,0.0,,0.0,0.0,0.0,0.0
1771365920922,2026-02-17 22:05:20.922000,XRPUSDT,0,0.0,,0.0,0.0,0.0,0.0
1771365921932,2026-02-17 22:05:21.932000,BTCUSDT,0,0.0,,0.0,0.0,0.0,0.0
1771365921932,2026-02-17 22:05:21.932000,ETHUSDT,1,0.583,1998.5999999999997,0.583,0.0,1165.1837999999998,0.0
1771365921932,2026-02-17 22:05:21.932000,SOLUSDT,0,0.0,,0.0,0.0,0.0,0.0
1771365921932,2026-02-17 22:05:21.932000,BNBUSDT,0,0.0,,0.0,0.0,0.0,0.0
1771365921932,2026-02-17 22:05:21.932000,XRPUSDT,0,0.0,,0.0,0.0,0.0,0.0
1771365922942,2026-02-17 22:05:22.942000,BTCUSDT,1,0.005,67622.2,0.005,0.0,338.111,0.0
1771365922942,2026-02-17 22:05:22.942000,ETHUSDT,0,0.0,,0.0,0.0,0.0,0.0
1771365922942,2026-02-17 22:05:22.942000,SOLUSDT,0,0.0,,0.0,0.0,0.0,0.0
1771365922942,2026-02-17 22:05:22.942000,BNBUSDT,1,0.1,618.5,0.1,0.0,61.85,0.0
1771365922942,2026-02-17 22:05:22.942000,XRPUSDT,0,0.0,,0.0,0.0,0.0,0.0
1771365923954,2026-02-17 22:05:23.954000,BTCUSDT,1,0.008,67622.2,0.0,0.008,0.0,540.9775999999999
1771365923954,2026-02-17 22:05:23.954000,ETHUSDT,1,0.793,1998.6,0.0,0.793,0.0,1584.8898
1771365923954,2026-02-17 22:05:23.954000,SOLUSDT,0,0.0,,0.0,0.0,0.0,0.0
1771365923954,2026-02-17 22:05:23.954000,BNBUSDT,0,0.0,,0.0,0.0,0.0,0.0
1771365923954,2026-02-17 22:05:23.954000,XRPUSDT,0,0.0,,0.0,0.0,0.0,0.0
1771365924965,2026-02-17 22:05:24.965000,BTCUSDT,1,0.008,67622.2,0.0,0.008,0.0,540.9775999999999
1771365924965,2026-02-17 22:05:24.965000,ETHUSDT,1,0.793,1998.6,0.0,0.793,0.0,1584.8898
1771365924965,2026-02-17 22:05:24.965000,SOLUSDT,1,40.8,85.26,40.8,0.0,3478.608,0.0
1771365924965,2026-02-17 22:05:24.965000,BNBUSDT,1,0.07,618.5,0.0,0.07,0.0,43.295
1771365924965,2026-02-17 22:05:24.965000,XRPUSDT,1,36.3,1.4831,36.3,0.0,53.836529999999996,0.0
1771365925975,2026-02-17 22:05:25.975000,BTCUSDT,0,0.0,,0.0,0.0,0.0,0.0
1771365925975,2026-02-17 22:05:25.975000,ETHUSDT,0,0.0,,0.0,0.0,0.0,0.0
1771365925975,2026-02-17 22:05:25.975000,SOLUSDT,0,0.0,,0.0,0.0,0.0,0.0
1771365925975,2026-02-17 22:05:25.975000,BNBUSDT,1,0.07,618.5,0.07,0.0,43.295,0.0
1771365925975,2026-02-17 22:05:25.975000,XRPUSDT,0,0.0,,0.0,0.0,0.0,0.0
1771365926986,2026-02-17 22:05:26.986000,BTCUSDT,1,0.003,67622.2,0.003,0.0,202.8666,0.0
1771365926986,2026-02-17 22:05:26.986000,ETHUSDT,1,0.7,1998.5999999999997,0.7,0.0,1399.0199999999998,0.0
1771365926986,2026-02-17 22:05:26.986000,SOLUSDT,0,0.0,,0.0,0.0,0.0,0.0
1771365926986,2026-02-17 22:05:26.986000,BNBUSDT,1,0.07,618.5,0.0,0.07,0.0,43.295
1771365926986,2026-02-17 22:05:26.986000,XRPUSDT,0,0.0,,0.0,0.0,0.0,0.0
1771365927995,2026-02-17 22:05:27.995000,BTCUSDT,1,0.008,67622.2,0.008,0.0,540.9775999999999,0.0
1771365927995,2026-02-17 22:05:27.995000,ETHUSDT,0,0.0,,0.0,0.0,0.0,0.0
1771365927995,2026-02-17 22:05:27.995000,SOLUSDT,0,0.0,,0.0,0.0,0.0,0.0
1771365927995,2026-02-17 22:05:27.995000,BNBUSDT,1,0.22,618.5,0.22,0.0,136.07,0.0
1771365927995,2026-02-17 22:05:27.995000,XRPUSDT,1,35.9,1.4831,0.0,35.9,0.0,53.24329
1771365929006,2026-02-17 22:05:29.006000,BTCUSDT,0,0.0,,0.0,0.0,0.0,0.0
1771365929006,2026-02-17 22:05:29.006000,ETHUSDT,0,0.0,,0.0,0.0,0.0,0.0
1771365929006,2026-02-17 22:05:29.006000,SOLUSDT,1,33.6,85.27,0.0,33.6,0.0,2865.072
1771365929006,2026-02-17 22:05:29.006000,BNBUSDT,0,0.0,,0.0,0.0,0.0,0.0
1771365929006,2026-02-17 22:05:29.006000,XRPUSDT,0,0.0,,0.0,0.0,0.0,0.0
1771365930014,2026-02-17 22:05:30.014000,BTCUSDT,0,0.0,,0.0,0.0,0.0,0.0
1771365930014,2026-02-17 22:05:30.014000,ETHUSDT,1,0.789,1998.6000000000001,0.0,0.789,0.0,1576.8954
1771365930014,2026-02-17 22:05:30.014000,SOLUSDT,0,0.0,,0.0,0.0,0.0,0.0
1771365930014,2026-02-17 22:05:30.014000,BNBUSDT,0,0.0,,0.0,0.0,0.0,0.0
1771365930014,2026-02-17 22:05:30.014000,XRPUSDT,0,0.0,,0.0,0.0,0.0,0.0
1771365931023,2026-02-17 22:05:31.023000,BTCUSDT,1,0.005,67622.2,0.0,0.005,0.0,338.111
1771365931023,2026-02-17 22:05:31.023000,ETHUSDT,0,0.0,,0.0,0.0,0.0,0.0
1771365931023,2026-02-17 22:05:31.023000,SOLUSDT,0,0.0,,0.0,0.0,0.0,0.0
1771365931023,2026-02-17 22:05:31.023000,BNBUSDT,1,0.22,618.5,0.0,0.22,0.0,136.07
1771365931023,2026-02-17 22:05:31.023000,XRPUSDT,1,31.3,1.4831,31.3,0.0,46.42103,0.0
1771365932034,2026-02-17 22:05:32.034000,BTCUSDT,2,0.005,67613.04,0.0,0.005,0.0,338.0652
1771365932034,2026-02-17 22:05:32.034000,ETHUSDT,2,21.354999999999997,1998.395256380239,21.354999999999997,0.0,42675.7307,0.0
1771365932034,2026-02-17 22:05:32.034000,SOLUSDT,0,0.0,,0.0,0.0,0.0,0.0
1771365932034,2026-02-17 22:05:32.034000,BNBUSDT,0,0.0,,0.0,0.0,0.0,0.0
1771365932034,2026-02-17 22:05:32.034000,XRPUSDT,0,0.0,,0.0,0.0,0.0,0.0
1771365933045,2026-02-17 22:05:33.045000,BTCUSDT,1,0.007,67609.6,0.007,0.0,473.26720000000006,0.0
1771365933045,2026-02-17 22:05:33.045000,ETHUSDT,1,1.013,1998.3,1.013,0.0,2024.2778999999998,0.0
1771365933045,2026-02-17 22:05:33.045000,SOLUSDT,1,50.92,85.21,50.92,0.0,4338.8931999999995,0.0
1771365933045,2026-02-17 22:05:33.045000,BNBUSDT,0,0.0,,0.0,0.0,0.0,0.0
1771365933045,2026-02-17 22:05:33.045000,XRPUSDT,1,60.1,1.4825,0.0,60.1,0.0,89.09825
1771365934053,2026-02-17 22:05:34.053000,BTCUSDT,1,0.001,67609.6,0.0,0.001,0.0,67.6096
1771365934053,2026-02-17 22:05:34.053000,ETHUSDT,2,0.40900000000000003,1997.9977995110023,0.009,0.4,17.981099999999998,799.2
1771365934053,2026-02-17 22:05:34.053000,SOLUSDT,0,0.0,,0.0,0.0,0.0,0.0
1771365934053,2026-02-17 22:05:34.053000,BNBUSDT,0,0.0,,0.0,0.0,0.0,0.0
1771365934053,2026-02-17 22:05:34.053000,XRPUSDT,0,0.0,,0.0,0.0,0.0,0.0
1771365935060,2026-02-17 22:05:35.060000,BTCUSDT,1,0.013,67598.8,0.0,0.013,0.0,878.7844
1771365935060,2026-02-17 22:05:35.060000,ETHUSDT,0,0.0,,0.0,0.0,0.0,0.0
1771365935060,2026-02-17 22:05:35.060000,SOLUSDT,0,0.0,,0.0,0.0,0.0,0.0
1771365935060,2026-02-17 22:05:35.060000,BNBUSDT,1,0.94,618.2,0.94,0.0,581.1080000000001,0.0
1771365935060,2026-02-17 22:05:35.060000,XRPUSDT,0,0.0,,0.0,0.0,0.0,0.0
1771365936069,2026-02-17 22:05:36.069000,BTCUSDT,0,0.0,,0.0,0.0,0.0,0.0
1771365936069,2026-02-17 22:05:36.069000,ETHUSDT,1,1.559,1997.4000000000003,0.0,1.559,0.0,3113.9466
1771365936069,2026-02-17 22:05:36.069000,SOLUSDT,0,0.0,,0.0,0.0,0.0,0.0
1771365936069,2026-02-17 22:05:36.069000,BNBUSDT,0,0.0,,0.0,0.0,0.0,0.0
1771365936069,2026-02-17 22:05:36.069000,XRPUSDT,0,0.0,,0.0,0.0,0.0,0.0
1771365937077,2026-02-17 22:05:37.077000,BTCUSDT,1,0.018,67598.8,0.018,0.0,1216.7784,0.0
1771365937077,2026-02-17 22:05:37.077000,ETHUSDT,0,0.0,,0.0,0.0,0.0,0.0
1771365937077,2026-02-17 22:05:37.077000,SOLUSDT,1,21.31,85.16,0.0,21.31,0.0,1814.7595999999999
1771365937077,2026-02-17 22:05:37.077000,BNBUSDT,0,0.0,,0.0,0.0,0.0,0.0
1771365937077,2026-02-17 22:05:37.077000,XRPUSDT,1,30.9,1.4824,30.9,0.0,45.80616,0.0
1771365938088,2026-02-17 22:05:38.088000,BTCUSDT,0,0.0,,0.0,0.0,0.0,0.0
1771365938088,2026-02-17 22:05:38.088000,ETHUSDT,0,0.0,,0.0,0.0,0.0,0.0
1771365938088,2026-02-17 22:05:38.088000,SOLUSDT,0,0.0,,0.0,0.0,0.0,0.0
1771365938088,2026-02-17 22:05:38.088000,BNBUSDT,0,0.0,,0.0,0.0,0.0,0.0
1771365938088,2026-02-17 22:05:38.088000,XRPUSDT,1,30.9,1.4824,30.9,0.0,45.80616,0.0
1771365939094,2026-02-17 22:05:39.094000,BTCUSDT,1,0.021,67598.8,0.0,0.021,0.0,1419.5748
1771365939094,2026-02-17 22:05:39.094000,ETHUSDT,0,0.0,,0.0,0.0,0.0,0.0
1771365939094,2026-02-17 22:05:39.094000,SOLUSDT,1,39.42,85.18,0.0,39.42,0.0,3357.7956000000004
1771365939094,2026-02-17 22:05:39.094000,BNBUSDT,1,0.33,618.1,0.0,0.33,0.0,203.973
1771365939094,2026-02-17 22:05:39.094000,XRPUSDT,1,87.3,1.4827,87.3,0.0,129.43971,0.0
1771365940103,2026-02-17 22:05:40.103000,BTCUSDT,1,0.22,67598.8,0.0,0.22,0.0,14871.736
1771365940103,2026-02-17 22:05:40.103000,ETHUSDT,1,0.668,1997.6,0.668,0.0,1334.3968,0.0
1771365940103,2026-02-17 22:05:40.103000,SOLUSDT,0,0.0,,0.0,0.0,0.0,0.0
1771365940103,2026-02-17 22:05:40.103000,BNBUSDT,1,0.88,618.1,0.0,0.88,0.0,543.928
1771365940103,2026-02-17 22:05:40.103000,XRPUSDT,0,0.0,,0.0,0.0,0.0,0.0
1771365941115,2026-02-17 22:05:41.115000,BTCUSDT,1,0.001,67598.8,0.0,0.001,0.0,67.59880000000001
1771365941115,2026-02-17 22:05:41.115000,ETHUSDT,0,0.0,,0.0,0.0,0.0,0.0
1771365941115,2026-02-17 22:05:41.115000,SOLUSDT,0,0.0,,0.0,0.0,0.0,0.0
1771365941115,2026-02-17 22:05:41.115000,BNBUSDT,1,0.88,618.1,0.0,0.88,0.0,543.928
1771365941115,2026-02-17 22:05:41.115000,XRPUSDT,0,0.0,,0.0,0.0,0.0,0.0
1771365942125,2026-02-17 22:05:42.125000,BTCUSDT,1,0.013,67598.8,0.013,0.0,878.7844,0.0
1771365942125,2026-02-17 22:05:42.125000,ETHUSDT,1,1.221,1997.7,1.221,0.0,2439.1917000000003,0.0
1771365942125,2026-02-17 22:05:42.125000,SOLUSDT,1,41.87,85.18,41.87,0.0,3566.4866,0.0
1771365942125,2026-02-17 22:05:42.125000,BNBUSDT,0,0.0,,0.0,0.0,0.0,0.0
1771365942125,2026-02-17 22:05:42.125000,XRPUSDT,0,0.0,,0.0,0.0,0.0,0.0
1771365943130,2026-02-17 22:05:43.130000,BTCUSDT,0,0.0,,0.0,0.0,0.0,0.0
1771365943130,2026-02-17 22:05:43.130000,ETHUSDT,0,0.0,,0.0,0.0,0.0,0.0
1771365943130,2026-02-17 22:05:43.130000,SOLUSDT,0,0.0,,0.0,0.0,0.0,0.0
1771365943130,2026-02-17 22:05:43.130000,BNBUSDT,0,0.0,,0.0,0.0,0.0,0.0
1771365943130,2026-02-17 22:05:43.130000,XRPUSDT,1,38.0,1.4827,0.0,38.0,0.0,56.3426
1771365944137,2026-02-17 22:05:44.137000,BTCUSDT,1,0.011,67598.8,0.0,0.011,0.0,743.5868
1771365944137,2026-02-17 22:05:44.137000,ETHUSDT,1,1.281,1997.8,0.0,1.281,0.0,2559.1818
1771365944137,2026-02-17 22:05:44.137000,SOLUSDT,0,0.0,,0.0,0.0,0.0,0.0
1771365944137,2026-02-17 22:05:44.137000,BNBUSDT,1,1.25,618.1,1.25,0.0,772.625,0.0
1771365944137,2026-02-17 22:05:44.137000,XRPUSDT,0,0.0,,0.0,0.0,0.0,0.0
1771365945148,2026-02-17 22:05:45.148000,BTCUSDT,1,0.011,67598.8,0.011,0.0,743.5868,0.0
1771365945148,2026-02-17 22:05:45.148000,ETHUSDT,0,0.0,,0.0,0.0,0.0,0.0
1771365945148,2026-02-17 22:05:45.148000,SOLUSDT,1,45.6,85.18,0.0,45.6,0.0,3884.2080000000005
1771365945148,2026-02-17 22:05:45.148000,BNBUSDT,1,10.93,618.2,10.93,0.0,6756.926,0.0
1771365945148,2026-02-17 22:05:45.148000,XRPUSDT,1,91.2,1.4828,0.0,91.2,0.0,135.23136
1771365946158,2026-02-17 22:05:46.158000,BTCUSDT,1,0.011,67598.8,0.011,0.0,743.5868,0.0
1771365946158,2026-02-17 22:05:46.158000,ETHUSDT,0,0.0,,0.0,0.0,0.0,0.0
1771365946158,2026-02-17 22:05:46.158000,SOLUSDT,0,0.0,,0.0,0.0,0.0,0.0
1771365946158,2026-02-17 22:05:46.158000,BNBUSDT,0,0.0,,0.0,0.0,0.0,0.0
1771365946158,2026-02-17 22:05:46.158000,XRPUSDT,0,0.0,,0.0,0.0,0.0,0.0
1771365947166,2026-02-17 22:05:47.166000,BTCUSDT,1,0.019,67598.8,0.0,0.019,0.0,1284.3772000000001
1771365947166,2026-02-17 22:05:47.166000,ETHUSDT,1,0.606,1997.8,0.606,0.0,1210.6668,0.0
1771365947166,2026-02-17 22:05:47.166000,SOLUSDT,0,0.0,,0.0,0.0,0.0,0.0
1771365947166,2026-02-17 22:05:47.166000,BNBUSDT,0,0.0,,0.0,0.0,0.0,0.0
1771365947166,2026-02-17 22:05:47.166000,XRPUSDT,0,0.0,,0.0,0.0,0.0,0.0
1771365948172,2026-02-17 22:05:48.172000,BTCUSDT,0,0.0,,0.0,0.0,0.0,0.0
1771365948172,2026-02-17 22:05:48.172000,ETHUSDT,1,1.298,1997.8,1.298,0.0,2593.1444,0.0
1771365948172,2026-02-17 22:05:48.172000,SOLUSDT,1,52.22,85.18,52.22,0.0,4448.0996000000005,0.0
1771365948172,2026-02-17 22:05:48.172000,BNBUSDT,1,0.82,618.1,0.0,0.82,0.0,506.842
1771365948172,2026-02-17 22:05:48.172000,XRPUSDT,0,0.0,,0.0,0.0,0.0,0.0
1771365949181,2026-02-17 22:05:49.181000,BTCUSDT,0,0.0,,0.0,0.0,0.0,0.0
1771365949181,2026-02-17 22:05:49.181000,ETHUSDT,0,0.0,,0.0,0.0,0.0,0.0
1771365949181,2026-02-17 22:05:49.181000,SOLUSDT,0,0.0,,0.0,0.0,0.0,0.0
1771365949181,2026-02-17 22:05:49.181000,BNBUSDT,0,0.0,,0.0,0.0,0.0,0.0
1771365949181,2026-02-17 22:05:49.181000,XRPUSDT,0,0.0,,0.0,0.0,0.0,0.0
1771365950192,2026-02-17 22:05:50.192000,BTCUSDT,1,0.01,67598.8,0.01,0.0,675.988,0.0
1771365950192,2026-02-17 22:05:50.192000,ETHUSDT,0,0.0,,0.0,0.0,0.0,0.0
1771365950192,2026-02-17 22:05:50.192000,SOLUSDT,0,0.0,,0.0,0.0,0.0,0.0
1771365950192,2026-02-17 22:05:50.192000,BNBUSDT,0,0.0,,0.0,0.0,0.0,0.0
1771365950192,2026-02-17 22:05:50.192000,XRPUSDT,1,61.1,1.483,61.1,0.0,90.61130000000001,0.0
1771365951199,2026-02-17 22:05:51.199000,BTCUSDT,0,0.0,,0.0,0.0,0.0,0.0
1771365951199,2026-02-17 22:05:51.199000,ETHUSDT,1,0.945,1997.8,0.0,0.945,0.0,1887.9209999999998
1771365951199,2026-02-17 22:05:51.199000,SOLUSDT,0,0.0,,0.0,0.0,0.0,0.0
1771365951199,2026-02-17 22:05:51.199000,BNBUSDT,1,0.59,618.1,0.0,0.59,0.0,364.679
1771365951199,2026-02-17 22:05:51.199000,XRPUSDT,0,0.0,,0.0,0.0,0.0,0.0
1771365952232,2026-02-17 22:05:52.232000,BTCUSDT,1,0.009,67598.8,0.009,0.0,608.3892,0.0
1771365952232,2026-02-17 22:05:52.232000,ETHUSDT,0,0.0,,0.0,0.0,0.0,0.0
1771365952232,2026-02-17 22:05:52.232000,SOLUSDT,1,30.39,85.18,0.0,30.39,0.0,2588.6202000000003
1771365952232,2026-02-17 22:05:52.232000,BNBUSDT,0,0.0,,0.0,0.0,0.0,0.0
1771365952232,2026-02-17 22:05:52.232000,XRPUSDT,0,0.0,,0.0,0.0,0.0,0.0
1771365953238,2026-02-17 22:05:53.238000,BTCUSDT,1,0.011,67598.8,0.0,0.011,0.0,743.5868
1771365953238,2026-02-17 22:05:53.238000,ETHUSDT,1,1.623,1998.0,0.0,1.623,0.0,3242.754
1771365953238,2026-02-17 22:05:53.238000,SOLUSDT,0,0.0,,0.0,0.0,0.0,0.0
1771365953238,2026-02-17 22:05:53.238000,BNBUSDT,1,1.39,618.2,1.39,0.0,859.298,0.0
1771365953238,2026-02-17 22:05:53.238000,XRPUSDT,1,31.3,1.483,0.0,31.3,0.0,46.4179
1771365954244,2026-02-17 22:05:54.244000,BTCUSDT,1,0.015,67598.8,0.015,0.0,1013.982,0.0
1771365954244,2026-02-17 22:05:54.244000,ETHUSDT,0,0.0,,0.0,0.0,0.0,0.0
1771365954244,2026-02-17 22:05:54.244000,SOLUSDT,1,24.11,85.19,0.0,24.11,0.0,2053.9309
1771365954244,2026-02-17 22:05:54.244000,BNBUSDT,0,0.0,,0.0,0.0,0.0,0.0
1771365954244,2026-02-17 22:05:54.244000,XRPUSDT,0,0.0,,0.0,0.0,0.0,0.0
1771365955250,2026-02-17 22:05:55.250000,BTCUSDT,0,0.0,,0.0,0.0,0.0,0.0
1771365955250,2026-02-17 22:05:55.250000,ETHUSDT,1,0.4,1998.2,0.4,0.0,799.2800000000001,0.0
1771365955250,2026-02-17 22:05:55.250000,SOLUSDT,0,0.0,,0.0,0.0,0.0,0.0
1771365955250,2026-02-17 22:05:55.250000,BNBUSDT,0,0.0,,0.0,0.0,0.0,0.0
1771365955250,2026-02-17 22:05:55.250000,XRPUSDT,1,41.8,1.483,41.8,0.0,61.989399999999996,0.0
1771365956257,2026-02-17 22:05:56.257000,BTCUSDT,1,0.014,67598.8,0.0,0.014,0.0,946.3832000000001
1771365956257,2026-02-17 22:05:56.257000,ETHUSDT,1,0.936,1998.4000000000003,0.936,0.0,1870.5024000000003,0.0
1771365956257,2026-02-17 22:05:56.257000,SOLUSDT,0,0.0,,0.0,0.0,0.0,0.0
1771365956257,2026-02-17 22:05:56.257000,BNBUSDT,0,0.0,,0.0,0.0,0.0,0.0
1771365956257,2026-02-17 22:05:56.257000,XRPUSDT,0,0.0,,0.0,0.0,0.0,0.0
1771365957262,2026-02-17 22:05:57.262000,BTCUSDT,0,0.0,,0.0,0.0,0.0,0.0
1771365957262,2026-02-17 22:05:57.262000,ETHUSDT,0,0.0,,0.0,0.0,0.0,0.0
1771365957262,2026-02-17 22:05:57.262000,SOLUSDT,1,7.81,85.22,7.81,0.0,665.5681999999999,0.0
1771365957262,2026-02-17 22:05:57.262000,BNBUSDT,0,0.0,,0.0,0.0,0.0,0.0
1771365957262,2026-02-17 22:05:57.262000,XRPUSDT,1,60.7,1.4833,0.0,60.7,0.0,90.03631000000001
1771365958273,2026-02-17 22:05:58.273000,BTCUSDT,1,0.011,67598.8,0.011,0.0,743.5868,0.0
1771365958273,2026-02-17 22:05:58.273000,ETHUSDT,1,0.84,1998.4,0.84,0.0,1678.656,0.0
1771365958273,2026-02-17 22:05:58.273000,SOLUSDT,1,8.11,85.22,8.11,0.0,691.1342,0.0
1771365958273,2026-02-17 22:05:58.273000,BNBUSDT,1,1.32,618.3,0.0,1.32,0.0,816.156
1771365958273,2026-02-17 22:05:58.273000,XRPUSDT,0,0.0,,0.0,0.0,0.0,0.0
1771365959283,2026-02-17 22:05:59.283000,BTCUSDT,0,0.0,,0.0,0.0,0.0,0.0
1771365959283,2026-02-17 22:05:59.283000,ETHUSDT,0,0.0,,0.0,0.0,0.0,0.0
1771365959283,2026-02-17 22:05:59.283000,SOLUSDT,1,17.86,85.21,0.0,17.86,0.0,1521.8505999999998
1771365959283,2026-02-17 22:05:59.283000,BNBUSDT,1,0.14,618.3,0.0,0.14,0.0,86.562
1771365959283,2026-02-17 22:05:59.283000,XRPUSDT,1,198.6,1.4831,198.6,0.0,294.54366,0.0
1771365960293,2026-02-17 22:06:00.293000,BTCUSDT,1,0.009,67598.8,0.0,0.009,0.0,608.3892
1771365960293,2026-02-17 22:06:00.293000,ETHUSDT,1,1.503,1998.2,0.0,1.503,0.0,3003.2945999999997
1771365960293,2026-02-17 22:06:00.293000,SOLUSDT,1,17.86,85.21,0.0,17.86,0.0,1521.8505999999998
1771365960293,2026-02-17 22:06:00.293000,BNBUSDT,0,0.0,,0.0,0.0,0.0,0.0
1771365960293,2026-02-17 22:06:00.293000,XRPUSDT,0,0.0,,0.0,0.0,0.0,0.0
1771365961303,2026-02-17 22:06:01.303000,BTCUSDT,1,0.008,67598.8,0.008,0.0,540.7904000000001,0.0
1771365961303,2026-02-17 22:06:01.303000,ETHUSDT,0,0.0,,0.0,0.0,0.0,0.0
1771365961303,2026-02-17 22:06:01.303000,SOLUSDT,0,0.0,,0.0,0.0,0.0,0.0
1771365961303,2026-02-17 22:06:01.303000,BNBUSDT,0,0.0,,0.0,0.0,0.0,0.0
1771365961303,2026-02-17 22:06:01.303000,XRPUSDT,0,0.0,,0.0,0.0,0.0,0.0
1771365962314,2026-02-17 22:06:02.314000,BTCUSDT,1,0.009,67598.8,0.0,0.009,0.0,608.3892
1771365962314,2026-02-17 22:06:02.314000,ETHUSDT,1,0.733,1998.1999999999998,0.733,0.0,1464.6806,0.0
1771365962314,2026-02-17 22:06:02.314000,SOLUSDT,1,9.95,85.21,9.95,0.0,847.8394999999999,0.0
1771365962314,2026-02-17 22:06:02.314000,BNBUSDT,1,1.21,618.3,1.21,0.0,748.1429999999999,0.0
1771365962314,2026-02-17 22:06:02.314000,XRPUSDT,0,0.0,,0.0,0.0,0.0,0.0
1771365963323,2026-02-17 22:06:03.323000,BTCUSDT,1,0.009,67598.8,0.009,0.0,608.3892,0.0
1771365963323,2026-02-17 22:06:03.323000,ETHUSDT,0,0.0,,0.0,0.0,0.0,0.0
1771365963323,2026-02-17 22:06:03.323000,SOLUSDT,1,25.08,85.21,25.08,0.0,2137.0667999999996,0.0
1771365963323,2026-02-17 22:06:03.323000,BNBUSDT,0,0.0,,0.0,0.0,0.0,0.0
1771365963323,2026-02-17 22:06:03.323000,XRPUSDT,1,149.1,1.4833,0.0,149.1,0.0,221.16003
1771365964331,2026-02-17 22:06:04.331000,BTCUSDT,1,0.021,67598.8,0.0,0.021,0.0,1419.5748
1771365964331,2026-02-17 22:06:04.331000,ETHUSDT,1,2.001,1998.2,2.001,0.0,3998.3982,0.0
1771365964331,2026-02-17 22:06:04.331000,SOLUSDT,0,0.0,,0.0,0.0,0.0,0.0
1771365964331,2026-02-17 22:06:04.331000,BNBUSDT,0,0.0,,0.0,0.0,0.0,0.0
1771365964331,2026-02-17 22:06:04.331000,XRPUSDT,0,0.0,,0.0,0.0,0.0,0.0
1771365965340,2026-02-17 22:06:05.340000,BTCUSDT,0,0.0,,0.0,0.0,0.0,0.0
1771365965340,2026-02-17 22:06:05.340000,ETHUSDT,0,0.0,,0.0,0.0,0.0,0.0
1771365965340,2026-02-17 22:06:05.340000,SOLUSDT,0,0.0,,0.0,0.0,0.0,0.0
1771365965340,2026-02-17 22:06:05.340000,BNBUSDT,0,0.0,,0.0,0.0,0.0,0.0
1771365965340,2026-02-17 22:06:05.340000,XRPUSDT,0,0.0,,0.0,0.0,0.0,0.0
1771365966348,2026-02-17 22:06:06.348000,BTCUSDT,0,0.0,,0.0,0.0,0.0,0.0
1771365966348,2026-02-17 22:06:06.348000,ETHUSDT,0,0.0,,0.0,0.0,0.0,0.0
1771365966348,2026-02-17 22:06:06.348000,SOLUSDT,0,0.0,,0.0,0.0,0.0,0.0
1771365966348,2026-02-17 22:06:06.348000,BNBUSDT,1,0.37,618.3,0.0,0.37,0.0,228.771
1771365966348,2026-02-17 22:06:06.348000,XRPUSDT,0,0.0,,0.0,0.0,0.0,0.0
1771365967354,2026-02-17 22:06:07.354000,BTCUSDT,1,0.019,67598.8,0.019,0.0,1284.3772000000001,0.0
1771365967354,2026-02-17 22:06:07.354000,ETHUSDT,1,1.431,1998.2000000000003,0.0,1.431,0.0,2859.4242000000004
1771365967354,2026-02-17 22:06:07.354000,SOLUSDT,1,34.16,85.21,0.0,34.16,0.0,2910.7735999999995
1771365967354,2026-02-17 22:06:07.354000,BNBUSDT,1,0.63,618.3,0.0,0.63,0.0,389.529
1771365967354,2026-02-17 22:06:07.354000,XRPUSDT,1,153.1,1.4832,0.0,153.1,0.0,227.07792
1771365968361,2026-02-17 22:06:08.361000,BTCUSDT,0,0.0,,0.0,0.0,0.0,0.0
1771365968361,2026-02-17 22:06:08.361000,ETHUSDT,0,0.0,,0.0,0.0,0.0,0.0
1771365968361,2026-02-17 22:06:08.361000,SOLUSDT,0,0.0,,0.0,0.0,0.0,0.0
1771365968361,2026-02-17 22:06:08.361000,BNBUSDT,1,0.63,618.3,0.0,0.63,0.0,389.529
1771365968361,2026-02-17 22:06:08.361000,XRPUSDT,0,0.0,,0.0,0.0,0.0,0.0
1771365969371,2026-02-17 22:06:09.371000,BTCUSDT,1,0.014,67598.8,0.0,0.014,0.0,946.3832000000001
1771365969371,2026-02-17 22:06:09.371000,ETHUSDT,0,0.0,,0.0,0.0,0.0,0.0
1771365969371,2026-02-17 22:06:09.371000,SOLUSDT,0,0.0,,0.0,0.0,0.0,0.0
1771365969371,2026-02-17 22:06:09.371000,BNBUSDT,0,0.0,,0.0,0.0,0.0,0.0
1771365969371,2026-02-17 22:06:09.371000,XRPUSDT,0,0.0,,0.0,0.0,0.0,0.0
1771365970382,2026-02-17 22:06:10.382000,BTCUSDT,1,0.014,67598.8,0.0,0.014,0.0,946.3832000000001
1771365970382,2026-02-17 22:06:10.382000,ETHUSDT,1,0.64,1998.3,0.0,0.64,0.0,1278.912
1771365970382,2026-02-17 22:06:10.382000,SOLUSDT,0,0.0,,0.0,0.0,0.0,0.0
1771365970382,2026-02-17 22:06:10.382000,BNBUSDT,1,0.66,618.3,0.66,0.0,408.078,0.0
1771365970382,2026-02-17 22:06:10.382000,XRPUSDT,1,217.6,1.4833,217.6,0.0,322.76608,0.0
1771365971393,2026-02-17 22:06:11.393000,BTCUSDT,1,0.023,67598.8,0.023,0.0,1554.7724,0.0
1771365971393,2026-02-17 22:06:11.393000,ETHUSDT,1,1.387,1998.3,1.387,0.0,2771.6421,0.0
1771365971393,2026-02-17 22:06:11.393000,SOLUSDT,0,0.0,,0.0,0.0,0.0,0.0
1771365971393,2026-02-17 22:06:11.393000,BNBUSDT,0,0.0,,0.0,0.0,0.0,0.0
1771365971393,2026-02-17 22:06:11.393000,XRPUSDT,0,0.0,,0.0,0.0,0.0,0.0
1771365972403,2026-02-17 22:06:12.403000,BTCUSDT,0,0.0,,0.0,0.0,0.0,0.0
1771365972403,2026-02-17 22:06:12.403000,ETHUSDT,0,0.0,,0.0,0.0,0.0,0.0
1771365972403,2026-02-17 22:06:12.403000,SOLUSDT,1,15.53,85.21,15.53,0.0,1323.3112999999998,0.0
1771365972403,2026-02-17 22:06:12.403000,BNBUSDT,1,0.52,618.3,0.0,0.52,0.0,321.51599999999996
1771365972403,2026-02-17 22:06:12.403000,XRPUSDT,0,0.0,,0.0,0.0,0.0,0.0
1771365973414,2026-02-17 22:06:13.414000,BTCUSDT,0,0.0,,0.0,0.0,0.0,0.0
1771365973414,2026-02-17 22:06:13.414000,ETHUSDT,1,1.501,1998.2,0.0,1.501,0.0,2999.2981999999997
1771365973414,2026-02-17 22:06:13.414000,SOLUSDT,0,0.0,,0.0,0.0,0.0,0.0
1771365973414,2026-02-17 22:06:13.414000,BNBUSDT,1,0.91,618.3,0.91,0.0,562.653,0.0
1771365973414,2026-02-17 22:06:13.414000,XRPUSDT,0,0.0,,0.0,0.0,0.0,0.0
1771365974425,2026-02-17 22:06:14.425000,BTCUSDT,1,0.02,67598.8,0.0,0.02,0.0,1351.976
1771365974425,2026-02-17 22:06:14.425000,ETHUSDT,0,0.0,,0.0,0.0,0.0,0.0
1771365974425,2026-02-17 22:06:14.425000,SOLUSDT,2,23.96,85.22,23.96,0.0,2041.8712,0.0
1771365974425,2026-02-17 22:06:14.425000,BNBUSDT,1,0.91,618.3,0.91,0.0,562.653,0.0
1771365974425,2026-02-17 22:06:14.425000,XRPUSDT,0,0.0,,0.0,0.0,0.0,0.0
1771365975430,2026-02-17 22:06:15.430000,BTCUSDT,1,0.002,67598.9,0.002,0.0,135.1978,0.0
1771365975430,2026-02-17 22:06:15.430000,ETHUSDT,1,1.258,1998.2,1.258,0.0,2513.7356,0.0
1771365975430,2026-02-17 22:06:15.430000,SOLUSDT,0,0.0,,0.0,0.0,0.0,0.0
1771365975430,2026-02-17 22:06:15.430000,BNBUSDT,0,0.0,,0.0,0.0,0.0,0.0
1771365975430,2026-02-17 22:06:15.430000,XRPUSDT,1,117.2,1.4834000000000003,0.0,117.2,0.0,173.85448000000002
1771365976441,2026-02-17 22:06:16.441000,BTCUSDT,1,0.001,67598.9,0.001,0.0,67.5989,0.0
1771365976441,2026-02-17 22:06:16.441000,ETHUSDT,1,1.258,1998.2,1.258,0.0,2513.7356,0.0
1771365976441,2026-02-17 22:06:16.441000,SOLUSDT,0,0.0,,0.0,0.0,0.0,0.0
1771365976441,2026-02-17 22:06:16.441000,BNBUSDT,0,0.0,,0.0,0.0,0.0,0.0
1771365976441,2026-02-17 22:06:16.441000,XRPUSDT,0,0.0,,0.0,0.0,0.0,0.0
1771365977448,2026-02-17 22:06:17.448000,BTCUSDT,1,0.023,67598.8,0.023,0.0,1554.7724,0.0
1771365977448,2026-02-17 22:06:17.448000,ETHUSDT,1,2.098,1998.2000000000003,0.0,2.098,0.0,4192.2236
1771365977448,2026-02-17 22:06:17.448000,SOLUSDT,1,18.69,85.22,0.0,18.69,0.0,1592.7618
1771365977448,2026-02-17 22:06:17.448000,BNBUSDT,1,1.1,618.3,0.0,1.1,0.0,680.13
1771365977448,2026-02-17 22:06:17.448000,XRPUSDT,1,169.6,1.4835,169.6,0.0,251.6016,0.0
1771365978458,2026-02-17 22:06:18.458000,BTCUSDT,0,0.0,,0.0,0.0,0.0,0.0
1771365978458,2026-02-17 22:06:18.458000,ETHUSDT,1,2.098,1998.2000000000003,0.0,2.098,0.0,4192.2236
1771365978458,2026-02-17 22:06:18.458000,SOLUSDT,0,0.0,,0.0,0.0,0.0,0.0
1771365978458,2026-02-17 22:06:18.458000,BNBUSDT,0,0.0,,0.0,0.0,0.0,0.0
1771365978458,2026-02-17 22:06:18.458000,XRPUSDT,1,169.6,1.4835,169.6,0.0,251.6016,0.0
1771365979465,2026-02-17 22:06:19.465000,BTCUSDT,0,0.0,,0.0,0.0,0.0,0.0
1771365979465,2026-02-17 22:06:19.465000,ETHUSDT,0,0.0,,0.0,0.0,0.0,0.0
1771365979465,2026-02-17 22:06:19.465000,SOLUSDT,1,7.46,85.21999999999998,0.0,7.46,0.0,635.7411999999999
1771365979465,2026-02-17 22:06:19.465000,BNBUSDT,0,0.0,,0.0,0.0,0.0,0.0
1771365979465,2026-02-17 22:06:19.465000,XRPUSDT,0,0.0,,0.0,0.0,0.0,0.0
1771365980476,2026-02-17 22:06:20.476000,BTCUSDT,1,0.015,67598.8,0.0,0.015,0.0,1013.982
1771365980476,2026-02-17 22:06:20.476000,ETHUSDT,0,0.0,,0.0,0.0,0.0,0.0
1771365980476,2026-02-17 22:06:20.476000,SOLUSDT,1,23.82,85.22,23.82,0.0,2029.9404,0.0
1771365980476,2026-02-17 22:06:20.476000,BNBUSDT,1,0.54,618.3,0.54,0.0,333.882,0.0
1771365980476,2026-02-17 22:06:20.476000,XRPUSDT,0,0.0,,0.0,0.0,0.0,0.0
1771365981486,2026-02-17 22:06:21.486000,BTCUSDT,0,0.0,,0.0,0.0,0.0,0.0
1771365981486,2026-02-17 22:06:21.486000,ETHUSDT,1,1.271,1998.2,1.271,0.0,2539.7122,0.0
1771365981486,2026-02-17 22:06:21.486000,SOLUSDT,1,23.82,85.22,23.82,0.0,2029.9404,0.0
1771365981486,2026-02-17 22:06:21.486000,BNBUSDT,0,0.0,,0.0,0.0,0.0,0.0
1771365981486,2026-02-17 22:06:21.486000,XRPUSDT,1,125.3,1.4835,0.0,125.3,0.0,185.88255
1771365982492,2026-02-17 22:06:22.492000,BTCUSDT,1,0.01,67598.8,0.01,0.0,675.988,0.0
1771365982492,2026-02-17 22:06:22.492000,ETHUSDT,0,0.0,,0.0,0.0,0.0,0.0
1771365982492,2026-02-17 22:06:22.492000,SOLUSDT,0,0.0,,0.0,0.0,0.0,0.0
1771365982492,2026-02-17 22:06:22.492000,BNBUSDT,1,0.68,618.3,0.0,0.68,0.0,420.444
1771365982492,2026-02-17 22:06:22.492000,XRPUSDT,0,0.0,,0.0,0.0,0.0,0.0
1771365983505,2026-02-17 22:06:23.505000,BTCUSDT,1,0.015,67598.8,0.0,0.015,0.0,1013.982
1771365983505,2026-02-17 22:06:23.505000,ETHUSDT,1,0.848,1998.2,0.848,0.0,1694.4736,0.0
1771365983505,2026-02-17 22:06:23.505000,SOLUSDT,0,0.0,,0.0,0.0,0.0,0.0
1771365983505,2026-02-17 22:06:23.505000,BNBUSDT,0,0.0,,0.0,0.0,0.0,0.0
1771365983505,2026-02-17 22:06:23.505000,XRPUSDT,0,0.0,,0.0,0.0,0.0,0.0
1771365984517,2026-02-17 22:06:24.517000,BTCUSDT,0,0.0,,0.0,0.0,0.0,0.0
1771365984517,2026-02-17 22:06:24.517000,ETHUSDT,1,2.128,1998.2,0.0,2.128,0.0,4252.1696
1771365984517,2026-02-17 22:06:24.517000,SOLUSDT,1,21.02,85.22,0.0,21.02,0.0,1791.3244
1771365984517,2026-02-17 22:06:24.517000,BNBUSDT,1,1.09,618.3,1.09,0.0,673.947,0.0
1771365984517,2026-02-17 22:06:24.517000,XRPUSDT,1,95.4,1.4835,95.4,0.0,141.5259,0.0
1771365985525,2026-02-17 22:06:25.525000,BTCUSDT,1,0.008,67598.8,0.008,0.0,540.7904000000001,0.0
1771365985525,2026-02-17 22:06:25.525000,ETHUSDT,1,2.128,1998.2,0.0,2.128,0.0,4252.1696
1771365985525,2026-02-17 22:06:25.525000,SOLUSDT,0,0.0,,0.0,0.0,0.0,0.0
1771365985525,2026-02-17 22:06:25.525000,BNBUSDT,0,0.0,,0.0,0.0,0.0,0.0
1771365985525,2026-02-17 22:06:25.525000,XRPUSDT,0,0.0,,0.0,0.0,0.0,0.0
1771365986533,2026-02-17 22:06:26.533000,BTCUSDT,1,0.01,67598.8,0.0,0.01,0.0,675.988
1771365986533,2026-02-17 22:06:26.533000,ETHUSDT,0,0.0,,0.0,0.0,0.0,0.0
1771365986533,2026-02-17 22:06:26.533000,SOLUSDT,0,0.0,,0.0,0.0,0.0,0.0
1771365986533,2026-02-17 22:06:26.533000,BNBUSDT,0,0.0,,0.0,0.0,0.0,0.0
1771365986533,2026-02-17 22:06:26.533000,XRPUSDT,1,174.1,1.4835,0.0,174.1,0.0,258.27735
1771365987539,2026-02-17 22:06:27.539000,BTCUSDT,10,1.0229999999999997,67597.91935483876,0.0,1.0229999999999997,0.0,69152.67150000003
1771365987539,2026-02-17 22:06:27.539000,ETHUSDT,0,0.0,,0.0,0.0,0.0,0.0
1771365987539,2026-02-17 22:06:27.539000,SOLUSDT,2,29.44,85.21,29.37,0.07,2502.6177,5.964700000000001
1771365987539,2026-02-17 22:06:27.539000,BNBUSDT,1,3.34,618.2,0.0,3.34,0.0,2064.788
1771365987539,2026-02-17 22:06:27.539000,XRPUSDT,0,0.0,,0.0,0.0,0.0,0.0
1771365988549,2026-02-17 22:06:28.549000,BTCUSDT,1,0.044,67561.1,0.044,0.0,2972.6884,0.0
1771365988549,2026-02-17 22:06:28.549000,ETHUSDT,2,2.328,1997.4000000000003,2.134,0.194,4262.4516,387.4956
1771365988549,2026-02-17 22:06:28.549000,SOLUSDT,0,0.0,,0.0,0.0,0.0,0.0
1771365988549,2026-02-17 22:06:28.549000,BNBUSDT,0,0.0,,0.0,0.0,0.0,0.0
1771365988549,2026-02-17 22:06:28.549000,XRPUSDT,0,0.0,,0.0,0.0,0.0,0.0
1771365989561,2026-02-17 22:06:29.561000,BTCUSDT,1,0.034,67561.1,0.0,0.034,0.0,2297.0774000000006
1771365989561,2026-02-17 22:06:29.561000,ETHUSDT,0,0.0,,0.0,0.0,0.0,0.0
1771365989561,2026-02-17 22:06:29.561000,SOLUSDT,0,0.0,,0.0,0.0,0.0,0.0
1771365989561,2026-02-17 22:06:29.561000,BNBUSDT,0,0.0,,0.0,0.0,0.0,0.0
1771365989561,2026-02-17 22:06:29.561000,XRPUSDT,1,320.2,1.4824,320.2,0.0,474.66447999999997,0.0
1771365990570,2026-02-17 22:06:30.570000,BTCUSDT,1,0.034,67561.1,0.0,0.034,0.0,2297.0774000000006
1771365990570,2026-02-17 22:06:30.570000,ETHUSDT,0,0.0,,0.0,0.0,0.0,0.0
1771365990570,2026-02-17 22:06:30.570000,SOLUSDT,1,28.75,85.18,0.0,28.75,0.0,2448.925
1771365990570,2026-02-17 22:06:30.570000,BNBUSDT,0,0.0,,0.0,0.0,0.0,0.0
1771365990570,2026-02-17 22:06:30.570000,XRPUSDT,0,0.0,,0.0,0.0,0.0,0.0
1771365991576,2026-02-17 22:06:31.576000,BTCUSDT,1,0.06,67561.1,0.0,0.06,0.0,4053.666
1771365991576,2026-02-17 22:06:31.576000,ETHUSDT,1,2.287,1997.3999999999999,0.0,2.287,0.0,4568.0538
1771365991576,2026-02-17 22:06:31.576000,SOLUSDT,0,0.0,,0.0,0.0,0.0,0.0
1771365991576,2026-02-17 22:06:31.576000,BNBUSDT,0,0.0,,0.0,0.0,0.0,0.0
1771365991576,2026-02-17 22:06:31.576000,XRPUSDT,0,0.0,,0.0,0.0,0.0,0.0
1771365992609,2026-02-17 22:06:32.609000,BTCUSDT,0,0.0,,0.0,0.0,0.0,0.0
1771365992609,2026-02-17 22:06:32.609000,ETHUSDT,0,0.0,,0.0,0.0,0.0,0.0
1771365992609,2026-02-17 22:06:32.609000,SOLUSDT,0,0.0,,0.0,0.0,0.0,0.0
1771365992609,2026-02-17 22:06:32.609000,BNBUSDT,1,2.32,618.1,2.32,0.0,1433.992,0.0
1771365992609,2026-02-17 22:06:32.609000,XRPUSDT,0,0.0,,0.0,0.0,0.0,0.0
1771365993619,2026-02-17 22:06:33.619000,BTCUSDT,3,0.066,67552.3212121212,0.06,0.006,4053.1439999999993,405.30920000000003
1771365993619,2026-02-17 22:06:33.619000,ETHUSDT,1,1.503,1997.1,0.0,1.503,0.0,3001.6413
1771365993619,2026-02-17 22:06:33.619000,SOLUSDT,1,21.44,85.14,21.44,0.0,1825.4016000000001,0.0
1771365993619,2026-02-17 22:06:33.619000,BNBUSDT,0,0.0,,0.0,0.0,0.0,0.0
1771365993619,2026-02-17 22:06:33.619000,XRPUSDT,1,397.1,1.4827,0.0,397.1,0.0,588.78017
1771365994630,2026-02-17 22:06:34.630000,BTCUSDT,0,0.0,,0.0,0.0,0.0,0.0
1771365994630,2026-02-17 22:06:34.630000,ETHUSDT,1,3.719,1996.6,3.719,0.0,7425.3553999999995,0.0
1771365994630,2026-02-17 22:06:34.630000,SOLUSDT,0,0.0,,0.0,0.0,0.0,0.0
1771365994630,2026-02-17 22:06:34.630000,BNBUSDT,0,0.0,,0.0,0.0,0.0,0.0
1771365994630,2026-02-17 22:06:34.630000,XRPUSDT,0,0.0,,0.0,0.0,0.0,0.0
1771365995641,2026-02-17 22:06:35.641000,BTCUSDT,1,0.083,67528.0,0.0,0.083,0.0,5604.8240000000005
1771365995641,2026-02-17 22:06:35.641000,ETHUSDT,0,0.0,,0.0,0.0,0.0,0.0
1771365995641,2026-02-17 22:06:35.641000,SOLUSDT,0,0.0,,0.0,0.0,0.0,0.0
1771365995641,2026-02-17 22:06:35.641000,BNBUSDT,1,0.82,617.9,0.82,0.0,506.67799999999994,0.0
1771365995641,2026-02-17 22:06:35.641000,XRPUSDT,0,0.0,,0.0,0.0,0.0,0.0
1771365996652,2026-02-17 22:06:36.652000,BTCUSDT,1,0.001,67523.2,0.0,0.001,0.0,67.5232
1771365996652,2026-02-17 22:06:36.652000,ETHUSDT,1,4.655,1996.2000000000003,0.0,4.655,0.0,9292.311000000002
1771365996652,2026-02-17 22:06:36.652000,SOLUSDT,2,11.32,85.10598939929328,0.0,11.32,0.0,963.3997999999999
1771365996652,2026-02-17 22:06:36.652000,BNBUSDT,1,3.07,617.9,0.0,3.07,0.0,1896.9529999999997
1771365996652,2026-02-17 22:06:36.652000,XRPUSDT,0,0.0,,0.0,0.0,0.0,0.0
1771365997665,2026-02-17 22:06:37.665000,BTCUSDT,2,0.082,67523.2,0.08,0.002,5401.856,135.0464
1771365997665,2026-02-17 22:06:37.665000,ETHUSDT,1,0.029,1996.2,0.0,0.029,0.0,57.8898
