ts_unix_ms,ts_dt_utc,symbol,n_trades_1s,sum_qty_1s,vwap_1s,buy_qty_1s,sell_qty_1s,buy_notional_1s,sell_notional_1s
1770679378923,2026-02-09 23:22:58.923000,BTCUSDT,0,0.0,,0.0,0.0,0.0,0.0
1770679378923,2026-02-09 23:22:58.923000,ETHUSDT,0,0.0,,0.0,0.0,0.0,0.0
1770679379924,2026-02-09 23:22:59.924000,BTCUSDT,0,0.0,,0.0,0.0,0.0,0.0
1770679379924,2026-02-09 23:22:59.924000,ETHUSDT,0,0.0,,0.0,0.0,0.0,0.0
1770679380925,2026-02-09 23:23:00.925000,BTCUSDT,0,0.0,,0.0,0.0,0.0,0.0
1770679380925,2026-02-09 23:23:00.925000,ETHUSDT,0,0.0,,0.0,0.0,0.0,0.0
1770679381927,2026-02-09 23:23:01.927000,BTCUSDT,2,0.029,70288.69655172413,0.028,0.001,1968.0836,70.2886
1770679381927,2026-02-09 23:23:01.927000,ETHUSDT,0,0.0,,0.0,0.0,0.0,0.0
1770679382932,2026-02-09 23:23:02.932000,BTCUSDT,3,0.153,70284.81699346406,0.117,0.036000000000000004,8223.345000000001,2530.232
1770679382932,2026-02-09 23:23:02.932000,ETHUSDT,2,10.401,2106.950057686761,10.397,0.004,21905.95915,8.4284
1770679383933,2026-02-09 23:23:03.933000,BTCUSDT,2,0.014,70283.0142857143,0.0,0.014,0.0,983.9622
1770679383933,2026-02-09 23:23:03.933000,ETHUSDT,1,0.416,2106.8,0.0,0.416,0.0,876.4288
1770679384937,2026-02-09 23:23:04.937000,BTCUSDT,1,0.154,70274.1,0.0,0.154,0.0,10822.2114
1770679384937,2026-02-09 23:23:04.937000,ETHUSDT,1,21.594,2106.75,21.594,0.0,45493.1595,0.0
1770679385941,2026-02-09 23:23:05.941000,BTCUSDT,0,0.0,,0.0,0.0,0.0,0.0
1770679385941,2026-02-09 23:23:05.941000,ETHUSDT,1,0.004,2106.8,0.004,0.0,8.427200000000001,0.0
1770679386946,2026-02-09 23:23:06.946000,BTCUSDT,1,0.112,70274.1,0.112,0.0,7870.699200000001,0.0
1770679386946,2026-02-09 23:23:06.946000,ETHUSDT,0,0.0,,0.0,0.0,0.0,0.0
1770679387949,2026-02-09 23:23:07.949000,BTCUSDT,0,0.0,,0.0,0.0,0.0,0.0
1770679387949,2026-02-09 23:23:07.949000,ETHUSDT,1,12.081,2107.05,0.0,12.081,0.0,25455.27105
1770679388953,2026-02-09 23:23:08.953000,BTCUSDT,1,0.166,70274.1,0.0,0.166,0.0,11665.500600000001
1770679388953,2026-02-09 23:23:08.953000,ETHUSDT,0,0.0,,0.0,0.0,0.0,0.0
1770679389954,2026-02-09 23:23:09.954000,BTCUSDT,1,0.243,70274.2,0.243,0.0,17076.6306,0.0
1770679389954,2026-02-09 23:23:09.954000,ETHUSDT,1,16.352,2107.75,0.0,16.352,0.0,34465.928
1770679390959,2026-02-09 23:23:10.959000,BTCUSDT,1,0.195,70283.7,0.195,0.0,13705.3215,0.0
1770679390959,2026-02-09 23:23:10.959000,ETHUSDT,0,0.0,,0.0,0.0,0.0,0.0
1770679391961,2026-02-09 23:23:11.961000,BTCUSDT,0,0.0,,0.0,0.0,0.0,0.0
1770679391961,2026-02-09 23:23:11.961000,ETHUSDT,2,25.211000000000002,2107.9499762008645,25.211000000000002,0.0,53143.526849999995,0.0
1770679392963,2026-02-09 23:23:12.963000,BTCUSDT,0,0.0,,0.0,0.0,0.0,0.0
1770679392963,2026-02-09 23:23:12.963000,ETHUSDT,0,0.0,,0.0,0.0,0.0,0.0
1770679393968,2026-02-09 23:23:13.968000,BTCUSDT,1,0.193,70295.0,0.0,0.193,0.0,13566.935
1770679393968,2026-02-09 23:23:13.968000,ETHUSDT,1,0.027,2108.2,0.027,0.0,56.92139999999999,0.0
1770679394969,2026-02-09 23:23:14.969000,BTCUSDT,0,0.0,,0.0,0.0,0.0,0.0
1770679394969,2026-02-09 23:23:14.969000,ETHUSDT,2,0.15000000000000002,2108.1066666666666,0.01,0.14,21.081999999999997,295.134
1770679395975,2026-02-09 23:23:15.975000,BTCUSDT,0,0.0,,0.0,0.0,0.0,0.0
1770679395975,2026-02-09 23:23:15.975000,ETHUSDT,1,11.403,2108.35,0.0,11.403,0.0,24041.515049999998
1770679396979,2026-02-09 23:23:16.979000,BTCUSDT,2,0.075,70283.80533333332,0.074,0.001,5200.993799999999,70.2916
1770679396979,2026-02-09 23:23:16.979000,ETHUSDT,0,0.0,,0.0,0.0,0.0,0.0
1770679397983,2026-02-09 23:23:17.983000,BTCUSDT,2,0.12,70283.70666666667,0.12,0.0,8434.0448,0.0
1770679397983,2026-02-09 23:23:17.983000,ETHUSDT,0,0.0,,0.0,0.0,0.0,0.0
1770679398985,2026-02-09 23:23:18.985000,BTCUSDT,0,0.0,,0.0,0.0,0.0,0.0
1770679398985,2026-02-09 23:23:18.985000,ETHUSDT,0,0.0,,0.0,0.0,0.0,0.0
1770679399990,2026-02-09 23:23:19.990000,BTCUSDT,1,0.165,70289.6,0.0,0.165,0.0,11597.784000000001
1770679399990,2026-02-09 23:23:19.990000,ETHUSDT,0,0.0,,0.0,0.0,0.0,0.0
1770679400994,2026-02-09 23:23:20.994000,BTCUSDT,0,0.0,,0.0,0.0,0.0,0.0
1770679400994,2026-02-09 23:23:20.994000,ETHUSDT,1,5.527,2108.45,0.0,5.527,0.0,11653.40315
1770679401999,2026-02-09 23:23:21.999000,BTCUSDT,1,0.093,70302.3,0.093,0.0,6538.1139,0.0
1770679401999,2026-02-09 23:23:21.999000,ETHUSDT,1,17.056,2108.45,0.0,17.056,0.0,35961.7232
1770679403004,2026-02-09 23:23:23.004000,BTCUSDT,0,0.0,,0.0,0.0,0.0,0.0
1770679403004,2026-02-09 23:23:23.004000,ETHUSDT,2,0.499,2108.52004008016,0.1,0.399,210.86,841.2915
1770679404009,2026-02-09 23:23:24.009000,BTCUSDT,0,0.0,,0.0,0.0,0.0,0.0
1770679404009,2026-02-09 23:23:24.009000,ETHUSDT,0,0.0,,0.0,0.0,0.0,0.0
1770679405013,2026-02-09 23:23:25.013000,BTCUSDT,1,0.198,70308.5,0.0,0.198,0.0,13921.083
1770679405013,2026-02-09 23:23:25.013000,ETHUSDT,1,7.805,2108.75,0.0,7.805,0.0,16458.79375
1770679406017,2026-02-09 23:23:26.017000,BTCUSDT,0,0.0,,0.0,0.0,0.0,0.0
1770679406017,2026-02-09 23:23:26.017000,ETHUSDT,0,0.0,,0.0,0.0,0.0,0.0
1770679407023,2026-02-09 23:23:27.023000,BTCUSDT,2,0.002,70302.35000000002,0.001,0.001,70.30860000000001,70.29610000000001
1770679407023,2026-02-09 23:23:27.023000,ETHUSDT,1,20.259,2108.75,20.259,0.0,42721.16625,0.0
1770679408028,2026-02-09 23:23:28.028000,BTCUSDT,2,0.145,70296.10000000002,0.093,0.052,6537.537300000001,3655.3972000000003
1770679408028,2026-02-09 23:23:28.028000,ETHUSDT,1,0.004,2108.5,0.0,0.004,0.0,8.434000000000001
1770679409049,2026-02-09 23:23:29.049000,BTCUSDT,0,0.0,,0.0,0.0,0.0,0.0
1770679409049,2026-02-09 23:23:29.049000,ETHUSDT,0,0.0,,0.0,0.0,0.0,0.0
1770679410068,2026-02-09 23:23:30.068000,BTCUSDT,1,0.019,70301.3,0.019,0.0,1335.7247,0.0
1770679410068,2026-02-09 23:23:30.068000,ETHUSDT,1,9.555,2108.85,0.0,9.555,0.0,20150.061749999997
1770679411071,2026-02-09 23:23:31.071000,BTCUSDT,1,0.145,70301.2,0.145,0.0,10193.673999999999,0.0
1770679411071,2026-02-09 23:23:31.071000,ETHUSDT,0,0.0,,0.0,0.0,0.0,0.0
1770679412072,2026-02-09 23:23:32.072000,BTCUSDT,0,0.0,,0.0,0.0,0.0,0.0
1770679412072,2026-02-09 23:23:32.072000,ETHUSDT,1,11.576,2108.55,0.0,11.576,0.0,24408.574800000002
1770679413073,2026-02-09 23:23:33.073000,BTCUSDT,1,0.082,70289.0,0.0,0.082,0.0,5763.698
1770679413073,2026-02-09 23:23:33.073000,ETHUSDT,0,0.0,,0.0,0.0,0.0,0.0
1770679414078,2026-02-09 23:23:34.078000,BTCUSDT,0,0.0,,0.0,0.0,0.0,0.0
1770679414078,2026-02-09 23:23:34.078000,ETHUSDT,1,16.119,2108.55,16.119,0.0,33987.717450000004,0.0
1770679415084,2026-02-09 23:23:35.084000,BTCUSDT,0,0.0,,0.0,0.0,0.0,0.0
1770679415084,2026-02-09 23:23:35.084000,ETHUSDT,0,0.0,,0.0,0.0,0.0,0.0
1770679416090,2026-02-09 23:23:36.090000,BTCUSDT,1,0.082,70289.0,0.0,0.082,0.0,5763.698
1770679416090,2026-02-09 23:23:36.090000,ETHUSDT,0,0.0,,0.0,0.0,0.0,0.0
1770679417092,2026-02-09 23:23:37.092000,BTCUSDT,1,0.073,70289.0,0.073,0.0,5131.097,0.0
1770679417092,2026-02-09 23:23:37.092000,ETHUSDT,0,0.0,,0.0,0.0,0.0,0.0
1770679418095,2026-02-09 23:23:38.095000,BTCUSDT,1,0.134,70289.0,0.0,0.134,0.0,9418.726
1770679418095,2026-02-09 23:23:38.095000,ETHUSDT,0,0.0,,0.0,0.0,0.0,0.0
1770679419099,2026-02-09 23:23:39.099000,BTCUSDT,0,0.0,,0.0,0.0,0.0,0.0
1770679419099,2026-02-09 23:23:39.099000,ETHUSDT,1,15.083,2108.4,0.0,15.083,0.0,31800.9972
1770679420104,2026-02-09 23:23:40.104000,BTCUSDT,1,0.094,70295.3,0.094,0.0,6607.7582,0.0
1770679420104,2026-02-09 23:23:40.104000,ETHUSDT,1,0.004,2108.6,0.004,0.0,8.4344,0.0
1770679421109,2026-02-09 23:23:41.109000,BTCUSDT,1,0.121,70295.3,0.0,0.121,0.0,8505.7313
1770679421109,2026-02-09 23:23:41.109000,ETHUSDT,0,0.0,,0.0,0.0,0.0,0.0
1770679422115,2026-02-09 23:23:42.115000,BTCUSDT,0,0.0,,0.0,0.0,0.0,0.0
1770679422115,2026-02-09 23:23:42.115000,ETHUSDT,1,11.501,2108.85,11.501,0.0,24253.88385,0.0
1770679423120,2026-02-09 23:23:43.120000,BTCUSDT,1,0.18,70304.8,0.18,0.0,12654.864,0.0
1770679423120,2026-02-09 23:23:43.120000,ETHUSDT,0,0.0,,0.0,0.0,0.0,0.0
1770679424124,2026-02-09 23:23:44.124000,BTCUSDT,0,0.0,,0.0,0.0,0.0,0.0
1770679424124,2026-02-09 23:23:44.124000,ETHUSDT,1,17.2,2109.25,17.2,0.0,36279.1,0.0
1770679425129,2026-02-09 23:23:45.129000,BTCUSDT,0,0.0,,0.0,0.0,0.0,0.0
1770679425129,2026-02-09 23:23:45.129000,ETHUSDT,0,0.0,,0.0,0.0,0.0,0.0
1770679426133,2026-02-09 23:23:46.133000,BTCUSDT,2,1.083,70304.8,0.0,1.083,0.0,76140.0984
1770679426133,2026-02-09 23:23:46.133000,ETHUSDT,0,0.0,,0.0,0.0,0.0,0.0
1770679427135,2026-02-09 23:23:47.135000,BTCUSDT,1,0.179,70308.5,0.179,0.0,12585.2215,0.0
1770679427135,2026-02-09 23:23:47.135000,ETHUSDT,0,0.0,,0.0,0.0,0.0,0.0
1770679428140,2026-02-09 23:23:48.140000,BTCUSDT,0,0.0,,0.0,0.0,0.0,0.0
1770679428140,2026-02-09 23:23:48.140000,ETHUSDT,1,9.572,2109.2,0.0,9.572,0.0,20189.262399999996
1770679429147,2026-02-09 23:23:49.147000,BTCUSDT,1,0.198,70308.5,0.0,0.198,0.0,13921.083
1770679429147,2026-02-09 23:23:49.147000,ETHUSDT,0,0.0,,0.0,0.0,0.0,0.0
1770679430152,2026-02-09 23:23:50.152000,BTCUSDT,0,0.0,,0.0,0.0,0.0,0.0
1770679430152,2026-02-09 23:23:50.152000,ETHUSDT,0,0.0,,0.0,0.0,0.0,0.0
1770679431154,2026-02-09 23:23:51.154000,BTCUSDT,1,0.012,70308.6,0.012,0.0,843.7032,0.0
1770679431154,2026-02-09 23:23:51.154000,ETHUSDT,3,5.819,2109.4342584636534,0.004,5.8149999999999995,8.4372,12266.360749999998
1770679432158,2026-02-09 23:23:52.158000,BTCUSDT,1,0.132,70318.0,0.132,0.0,9281.976,0.0
1770679432158,2026-02-09 23:23:52.158000,ETHUSDT,0,0.0,,0.0,0.0,0.0,0.0
1770679433163,2026-02-09 23:23:53.163000,BTCUSDT,0,0.0,,0.0,0.0,0.0,0.0
1770679433163,2026-02-09 23:23:53.163000,ETHUSDT,0,0.0,,0.0,0.0,0.0,0.0
1770679434169,2026-02-09 23:23:54.169000,BTCUSDT,1,0.088,70328.4,0.0,0.088,0.0,6188.899199999999
1770679434169,2026-02-09 23:23:54.169000,ETHUSDT,1,2.969,2109.45,0.0,2.969,0.0,6262.957049999999
1770679435171,2026-02-09 23:23:55.171000,BTCUSDT,0,0.0,,0.0,0.0,0.0,0.0
1770679435171,2026-02-09 23:23:55.171000,ETHUSDT,1,7.278,2109.95,7.278,0.0,15356.216099999998,0.0
1770679436176,2026-02-09 23:23:56.176000,BTCUSDT,1,0.169,70335.8,0.0,0.169,0.0,11886.7502
1770679436176,2026-02-09 23:23:56.176000,ETHUSDT,0,0.0,,0.0,0.0,0.0,0.0
1770679437180,2026-02-09 23:23:57.180000,BTCUSDT,0,0.0,,0.0,0.0,0.0,0.0
1770679437180,2026-02-09 23:23:57.180000,ETHUSDT,0,0.0,,0.0,0.0,0.0,0.0
1770679438182,2026-02-09 23:23:58.182000,BTCUSDT,1,0.028,70333.5,0.028,0.0,1969.338,0.0
1770679438182,2026-02-09 23:23:58.182000,ETHUSDT,1,5.394,2109.45,0.0,5.394,0.0,11378.3733
1770679439190,2026-02-09 23:23:59.190000,BTCUSDT,1,0.08,70333.4,0.08,0.0,5626.672,0.0
1770679439190,2026-02-09 23:23:59.190000,ETHUSDT,0,0.0,,0.0,0.0,0.0,0.0
1770679440196,2026-02-09 23:24:00.196000,BTCUSDT,3,0.093,70324.60107526883,0.092,0.001,6469.863300000001,70.3246
1770679440196,2026-02-09 23:24:00.196000,ETHUSDT,0,0.0,,0.0,0.0,0.0,0.0
1770679441200,2026-02-09 23:24:01.200000,BTCUSDT,1,0.112,70339.0,0.0,0.112,0.0,7877.968
1770679441200,2026-02-09 23:24:01.200000,ETHUSDT,1,0.1,2110.2,0.1,0.0,211.01999999999998,0.0
1770679442206,2026-02-09 23:24:02.206000,BTCUSDT,0,0.0,,0.0,0.0,0.0,0.0
1770679442206,2026-02-09 23:24:02.206000,ETHUSDT,1,15.261,2110.55,0.0,15.261,0.0,32209.10355
1770679443212,2026-02-09 23:24:03.212000,BTCUSDT,1,0.096,70339.0,0.096,0.0,6752.544,0.0
1770679443212,2026-02-09 23:24:03.212000,ETHUSDT,0,0.0,,0.0,0.0,0.0,0.0
1770679444217,2026-02-09 23:24:04.217000,BTCUSDT,0,0.0,,0.0,0.0,0.0,0.0
1770679444217,2026-02-09 23:24:04.217000,ETHUSDT,0,0.0,,0.0,0.0,0.0,0.0
1770679445222,2026-02-09 23:24:05.222000,BTCUSDT,1,0.147,70335.1,0.147,0.0,10339.2597,0.0
1770679445222,2026-02-09 23:24:05.222000,ETHUSDT,1,15.148,2109.65,15.148,0.0,31956.9782,0.0
1770679446227,2026-02-09 23:24:06.227000,BTCUSDT,0,0.0,,0.0,0.0,0.0,0.0
1770679446227,2026-02-09 23:24:06.227000,ETHUSDT,0,0.0,,0.0,0.0,0.0,0.0
1770679447231,2026-02-09 23:24:07.231000,BTCUSDT,1,0.099,70325.6,0.0,0.099,0.0,6962.234400000001
1770679447231,2026-02-09 23:24:07.231000,ETHUSDT,0,0.0,,0.0,0.0,0.0,0.0
1770679448233,2026-02-09 23:24:08.233000,BTCUSDT,0,0.0,,0.0,0.0,0.0,0.0
1770679448233,2026-02-09 23:24:08.233000,ETHUSDT,0,0.0,,0.0,0.0,0.0,0.0
1770679449237,2026-02-09 23:24:09.237000,BTCUSDT,1,0.104,70325.6,0.0,0.104,0.0,7313.8624
1770679449237,2026-02-09 23:24:09.237000,ETHUSDT,0,0.0,,0.0,0.0,0.0,0.0
1770679450243,2026-02-09 23:24:10.243000,BTCUSDT,0,0.0,,0.0,0.0,0.0,0.0
1770679450243,2026-02-09 23:24:10.243000,ETHUSDT,0,0.0,,0.0,0.0,0.0,0.0
1770679451245,2026-02-09 23:24:11.245000,BTCUSDT,1,0.068,70325.6,0.068,0.0,4782.140800000001,0.0
1770679451245,2026-02-09 23:24:11.245000,ETHUSDT,0,0.0,,0.0,0.0,0.0,0.0
1770679452249,2026-02-09 23:24:12.249000,BTCUSDT,0,0.0,,0.0,0.0,0.0,0.0
1770679452249,2026-02-09 23:24:12.249000,ETHUSDT,1,12.398,2108.55,12.398,0.0,26141.802900000002,0.0
1770679453255,2026-02-09 23:24:13.255000,BTCUSDT,0,0.0,,0.0,0.0,0.0,0.0
1770679453255,2026-02-09 23:24:13.255000,ETHUSDT,0,0.0,,0.0,0.0,0.0,0.0
1770679454260,2026-02-09 23:24:14.260000,BTCUSDT,0,0.0,,0.0,0.0,0.0,0.0
1770679454260,2026-02-09 23:24:14.260000,ETHUSDT,0,0.0,,0.0,0.0,0.0,0.0
1770679455265,2026-02-09 23:24:15.265000,BTCUSDT,1,0.112,70304.8,0.0,0.112,0.0,7874.137600000001
1770679455265,2026-02-09 23:24:15.265000,ETHUSDT,1,9.015,2108.85,0.0,9.015,0.0,19011.282750000002
1770679456270,2026-02-09 23:24:16.270000,BTCUSDT,0,0.0,,0.0,0.0,0.0,0.0
1770679456270,2026-02-09 23:24:16.270000,ETHUSDT,0,0.0,,0.0,0.0,0.0,0.0
1770679457273,2026-02-09 23:24:17.273000,BTCUSDT,1,0.075,70304.8,0.0,0.075,0.0,5272.86
1770679457273,2026-02-09 23:24:17.273000,ETHUSDT,2,11.248,2108.849982219061,11.244,0.004,23711.909399999997,8.4352
1770679458278,2026-02-09 23:24:18.278000,BTCUSDT,1,0.061,70304.8,0.061,0.0,4288.5928,0.0
1770679458278,2026-02-09 23:24:18.278000,ETHUSDT,0,0.0,,0.0,0.0,0.0,0.0
1770679459284,2026-02-09 23:24:19.284000,BTCUSDT,0,0.0,,0.0,0.0,0.0,0.0
1770679459284,2026-02-09 23:24:19.284000,ETHUSDT,2,10.117,2108.5476574083227,0.0,10.117,0.0,21332.176650000005
1770679460288,2026-02-09 23:24:20.288000,BTCUSDT,1,0.128,70304.8,0.0,0.128,0.0,8999.0144
1770679460288,2026-02-09 23:24:20.288000,ETHUSDT,0,0.0,,0.0,0.0,0.0,0.0
1770679461290,2026-02-09 23:24:21.290000,BTCUSDT,0,0.0,,0.0,0.0,0.0,0.0
1770679461290,2026-02-09 23:24:21.290000,ETHUSDT,1,14.7,2108.35,14.7,0.0,30992.745,0.0
1770679462295,2026-02-09 23:24:22.295000,BTCUSDT,1,0.068,70294.5,0.068,0.0,4780.026000000001,0.0
1770679462295,2026-02-09 23:24:22.295000,ETHUSDT,1,0.004,2107.8,0.0,0.004,0.0,8.4312
1770679463297,2026-02-09 23:24:23.297000,BTCUSDT,0,0.0,,0.0,0.0,0.0,0.0
1770679463297,2026-02-09 23:24:23.297000,ETHUSDT,1,5.202,2106.7,0.0,5.202,0.0,10959.053399999999
1770679464300,2026-02-09 23:24:24.300000,BTCUSDT,0,0.0,,0.0,0.0,0.0,0.0
1770679464300,2026-02-09 23:24:24.300000,ETHUSDT,0,0.0,,0.0,0.0,0.0,0.0
1770679465305,2026-02-09 23:24:25.305000,BTCUSDT,0,0.0,,0.0,0.0,0.0,0.0
1770679465305,2026-02-09 23:24:25.305000,ETHUSDT,1,0.004,2107.4,0.004,0.0,8.4296,0.0
1770679466311,2026-02-09 23:24:26.311000,BTCUSDT,1,0.001,70283.9,0.001,0.0,70.2839,0.0
1770679466311,2026-02-09 23:24:26.311000,ETHUSDT,0,0.0,,0.0,0.0,0.0,0.0
1770679467316,2026-02-09 23:24:27.316000,BTCUSDT,2,0.42200000000000004,70280.50568720378,0.144,0.278,10120.0608,19538.3126
1770679467316,2026-02-09 23:24:27.316000,ETHUSDT,0,0.0,,0.0,0.0,0.0,0.0
1770679468318,2026-02-09 23:24:28.318000,BTCUSDT,0,0.0,,0.0,0.0,0.0,0.0
1770679468318,2026-02-09 23:24:28.318000,ETHUSDT,1,9.644,2106.65,9.644,0.0,20316.532600000002,0.0
1770679469341,2026-02-09 23:24:29.341000,BTCUSDT,0,0.0,,0.0,0.0,0.0,0.0
1770679469341,2026-02-09 23:24:29.341000,ETHUSDT,1,0.269,2106.6,0.0,0.269,0.0,566.6754
1770679470342,2026-02-09 23:24:30.342000,BTCUSDT,1,0.085,70277.3,0.0,0.085,0.0,5973.570500000001
1770679470342,2026-02-09 23:24:30.342000,ETHUSDT,0,0.0,,0.0,0.0,0.0,0.0
1770679471348,2026-02-09 23:24:31.348000,BTCUSDT,0,0.0,,0.0,0.0,0.0,0.0
1770679471348,2026-02-09 23:24:31.348000,ETHUSDT,2,0.556,2106.3007194244606,0.556,0.0,1171.1032000000002,0.0
1770679472353,2026-02-09 23:24:32.353000,BTCUSDT,0,0.0,,0.0,0.0,0.0,0.0
1770679472353,2026-02-09 23:24:32.353000,ETHUSDT,1,12.766,2106.75,12.766,0.0,26894.7705,0.0
1770679473356,2026-02-09 23:24:33.356000,BTCUSDT,0,0.0,,0.0,0.0,0.0,0.0
1770679473356,2026-02-09 23:24:33.356000,ETHUSDT,0,0.0,,0.0,0.0,0.0,0.0
1770679474358,2026-02-09 23:24:34.358000,BTCUSDT,2,0.09,70284.99666666667,0.09,0.0,6325.6497,0.0
1770679474358,2026-02-09 23:24:34.358000,ETHUSDT,1,26.835,2107.35,0.0,26.835,0.0,56550.73725
1770679475364,2026-02-09 23:24:35.364000,BTCUSDT,0,0.0,,0.0,0.0,0.0,0.0
1770679475364,2026-02-09 23:24:35.364000,ETHUSDT,0,0.0,,0.0,0.0,0.0,0.0
1770679476366,2026-02-09 23:24:36.366000,BTCUSDT,0,0.0,,0.0,0.0,0.0,0.0
1770679476366,2026-02-09 23:24:36.366000,ETHUSDT,0,0.0,,0.0,0.0,0.0,0.0
1770679477370,2026-02-09 23:24:37.370000,BTCUSDT,0,0.0,,0.0,0.0,0.0,0.0
1770679477370,2026-02-09 23:24:37.370000,ETHUSDT,1,0.004,2107.3,0.0,0.004,0.0,8.429200000000002
1770679478373,2026-02-09 23:24:38.373000,BTCUSDT,1,0.151,70285.3,0.0,0.151,0.0,10613.0803
1770679478373,2026-02-09 23:24:38.373000,ETHUSDT,0,0.0,,0.0,0.0,0.0,0.0
1770679479397,2026-02-09 23:24:39.397000,BTCUSDT,0,0.0,,0.0,0.0,0.0,0.0
1770679479397,2026-02-09 23:24:39.397000,ETHUSDT,0,0.0,,0.0,0.0,0.0,0.0
1770679480402,2026-02-09 23:24:40.402000,BTCUSDT,0,0.0,,0.0,0.0,0.0,0.0
1770679480402,2026-02-09 23:24:40.402000,ETHUSDT,0,0.0,,0.0,0.0,0.0,0.0
1770679481404,2026-02-09 23:24:41.404000,BTCUSDT,1,0.059,70285.3,0.059,0.0,4146.8327,0.0
1770679481404,2026-02-09 23:24:41.404000,ETHUSDT,1,25.897,2107.3,0.0,25.897,0.0,54572.748100000004
1770679482408,2026-02-09 23:24:42.408000,BTCUSDT,1,0.06,70285.3,0.0,0.06,0.0,4217.118
1770679482408,2026-02-09 23:24:42.408000,ETHUSDT,1,0.004,2107.3,0.0,0.004,0.0,8.429200000000002
1770679483414,2026-02-09 23:24:43.414000,BTCUSDT,1,0.143,70285.3,0.143,0.0,10050.7979,0.0
1770679483414,2026-02-09 23:24:43.414000,ETHUSDT,0,0.0,,0.0,0.0,0.0,0.0
1770679484420,2026-02-09 23:24:44.420000,BTCUSDT,0,0.0,,0.0,0.0,0.0,0.0
1770679484420,2026-02-09 23:24:44.420000,ETHUSDT,0,0.0,,0.0,0.0,0.0,0.0
1770679485424,2026-02-09 23:24:45.424000,BTCUSDT,0,0.0,,0.0,0.0,0.0,0.0
1770679485424,2026-02-09 23:24:45.424000,ETHUSDT,1,25.747,2107.55,25.747,0.0,54263.089850000004,0.0
1770679486426,2026-02-09 23:24:46.426000,BTCUSDT,1,0.145,70285.7,0.0,0.145,0.0,10191.4265
1770679486426,2026-02-09 23:24:46.426000,ETHUSDT,0,0.0,,0.0,0.0,0.0,0.0
1770679487427,2026-02-09 23:24:47.427000,BTCUSDT,0,0.0,,0.0,0.0,0.0,0.0
1770679487427,2026-02-09 23:24:47.427000,ETHUSDT,2,0.217,2107.5,0.0,0.217,0.0,457.3275
1770679488432,2026-02-09 23:24:48.432000,BTCUSDT,0,0.0,,0.0,0.0,0.0,0.0
1770679488432,2026-02-09 23:24:48.432000,ETHUSDT,0,0.0,,0.0,0.0,0.0,0.0
1770679489438,2026-02-09 23:24:49.438000,BTCUSDT,1,0.126,70283.6,0.126,0.0,8855.733600000001,0.0
1770679489438,2026-02-09 23:24:49.438000,ETHUSDT,1,9.437,2107.35,0.0,9.437,0.0,19887.06195
1770679490441,2026-02-09 23:24:50.441000,BTCUSDT,0,0.0,,0.0,0.0,0.0,0.0
1770679490441,2026-02-09 23:24:50.441000,ETHUSDT,0,0.0,,0.0,0.0,0.0,0.0
1770679491445,2026-02-09 23:24:51.445000,BTCUSDT,0,0.0,,0.0,0.0,0.0,0.0
1770679491445,2026-02-09 23:24:51.445000,ETHUSDT,1,0.004,2107.4,0.004,0.0,8.4296,0.0
1770679492449,2026-02-09 23:24:52.449000,BTCUSDT,0,0.0,,0.0,0.0,0.0,0.0
1770679492449,2026-02-09 23:24:52.449000,ETHUSDT,0,0.0,,0.0,0.0,0.0,0.0
1770679493451,2026-02-09 23:24:53.451000,BTCUSDT,1,0.028,70283.7,0.028,0.0,1967.9436,0.0
1770679493451,2026-02-09 23:24:53.451000,ETHUSDT,0,0.0,,0.0,0.0,0.0,0.0
1770679494456,2026-02-09 23:24:54.456000,BTCUSDT,1,0.076,70283.6,0.076,0.0,5341.5536,0.0
1770679494456,2026-02-09 23:24:54.456000,ETHUSDT,1,26.719,2107.95,0.0,26.719,0.0,56322.31605
1770679495462,2026-02-09 23:24:55.462000,BTCUSDT,1,0.138,70297.5,0.0,0.138,0.0,9701.055
1770679495462,2026-02-09 23:24:55.462000,ETHUSDT,0,0.0,,0.0,0.0,0.0,0.0
1770679496466,2026-02-09 23:24:56.466000,BTCUSDT,0,0.0,,0.0,0.0,0.0,0.0
1770679496466,2026-02-09 23:24:56.466000,ETHUSDT,0,0.0,,0.0,0.0,0.0,0.0
1770679497472,2026-02-09 23:24:57.472000,BTCUSDT,0,0.0,,0.0,0.0,0.0,0.0
1770679497472,2026-02-09 23:24:57.472000,ETHUSDT,1,0.017,2108.9,0.0,0.017,0.0,35.8513
1770679498473,2026-02-09 23:24:58.473000,BTCUSDT,1,0.081,70292.0,0.081,0.0,5693.652,0.0
1770679498473,2026-02-09 23:24:58.473000,ETHUSDT,1,15.106,2108.9,15.106,0.0,31857.043400000002,0.0
1770679499474,2026-02-09 23:24:59.474000,BTCUSDT,0,0.0,,0.0,0.0,0.0,0.0
1770679499474,2026-02-09 23:24:59.474000,ETHUSDT,0,0.0,,0.0,0.0,0.0,0.0
1770679500478,2026-02-09 23:25:00.478000,BTCUSDT,1,0.113,70292.0,0.0,0.113,0.0,7942.996
1770679500478,2026-02-09 23:25:00.478000,ETHUSDT,1,4.845,2108.9,0.0,4.845,0.0,10217.620499999999
1770679501484,2026-02-09 23:25:01.484000,BTCUSDT,1,0.015,70292.0,0.0,0.015,0.0,1054.3799999999999
1770679501484,2026-02-09 23:25:01.484000,ETHUSDT,2,19.34,2108.9073629782833,19.34,0.0,40786.2684,0.0
1770679502488,2026-02-09 23:25:02.488000,BTCUSDT,1,0.109,70292.0,0.109,0.0,7661.828,0.0
1770679502488,2026-02-09 23:25:02.488000,ETHUSDT,1,0.004,2108.9,0.0,0.004,0.0,8.4356
1770679503494,2026-02-09 23:25:03.494000,BTCUSDT,0,0.0,,0.0,0.0,0.0,0.0
1770679503494,2026-02-09 23:25:03.494000,ETHUSDT,0,0.0,,0.0,0.0,0.0,0.0
1770679504498,2026-02-09 23:25:04.498000,BTCUSDT,0,0.0,,0.0,0.0,0.0,0.0
1770679504498,2026-02-09 23:25:04.498000,ETHUSDT,0,0.0,,0.0,0.0,0.0,0.0
1770679505504,2026-02-09 23:25:05.504000,BTCUSDT,1,0.081,70284.2,0.0,0.081,0.0,5693.0202
1770679505504,2026-02-09 23:25:05.504000,ETHUSDT,3,9.164,2108.7453731994765,0.168,8.996,354.22760000000005,18970.315000000002
1770679506509,2026-02-09 23:25:06.509000,BTCUSDT,0,0.0,,0.0,0.0,0.0,0.0
1770679506509,2026-02-09 23:25:06.509000,ETHUSDT,0,0.0,,0.0,0.0,0.0,0.0
1770679507512,2026-02-09 23:25:07.512000,BTCUSDT,0,0.0,,0.0,0.0,0.0,0.0
1770679507512,2026-02-09 23:25:07.512000,ETHUSDT,2,8.897,2109.7447735191636,0.186,8.711,392.367,18378.03225
1770679508516,2026-02-09 23:25:08.516000,BTCUSDT,0,0.0,,0.0,0.0,0.0,0.0
1770679508516,2026-02-09 23:25:08.516000,ETHUSDT,0,0.0,,0.0,0.0,0.0,0.0
1770679509522,2026-02-09 23:25:09.522000,BTCUSDT,1,0.116,70295.3,0.0,0.116,0.0,8154.254800000001
1770679509522,2026-02-09 23:25:09.522000,ETHUSDT,1,16.589,2109.15,16.589,0.0,34988.68935,0.0
1770679510528,2026-02-09 23:25:10.528000,BTCUSDT,1,1.335,70283.7,1.335,0.0,93828.7395,0.0
1770679510528,2026-02-09 23:25:10.528000,ETHUSDT,0,0.0,,0.0,0.0,0.0,0.0
1770679511533,2026-02-09 23:25:11.533000,BTCUSDT,0,0.0,,0.0,0.0,0.0,0.0
1770679511533,2026-02-09 23:25:11.533000,ETHUSDT,0,0.0,,0.0,0.0,0.0,0.0
1770679512536,2026-02-09 23:25:12.536000,BTCUSDT,2,0.542,70284.8,0.116,0.426,8153.036800000001,29941.324800000002
1770679512536,2026-02-09 23:25:12.536000,ETHUSDT,1,0.004,2108.9,0.0,0.004,0.0,8.4356
1770679513541,2026-02-09 23:25:13.541000,BTCUSDT,0,0.0,,0.0,0.0,0.0,0.0
1770679513541,2026-02-09 23:25:13.541000,ETHUSDT,1,13.916,2108.95,0.0,13.916,0.0,29348.1482
1770679514543,2026-02-09 23:25:14.543000,BTCUSDT,1,0.068,70280.3,0.0,0.068,0.0,4779.0604
1770679514543,2026-02-09 23:25:14.543000,ETHUSDT,0,0.0,,0.0,0.0,0.0,0.0
1770679515546,2026-02-09 23:25:15.546000,BTCUSDT,0,0.0,,0.0,0.0,0.0,0.0
1770679515546,2026-02-09 23:25:15.546000,ETHUSDT,2,1.584,2108.8700757575757,1.11,0.474,2340.8790000000004,999.5712000000001
1770679516552,2026-02-09 23:25:16.552000,BTCUSDT,1,0.051,70292.7,0.051,0.0,3584.9276999999997,0.0
1770679516552,2026-02-09 23:25:16.552000,ETHUSDT,2,13.808,2109.1499275782157,13.808,0.0,29123.142200000002,0.0
1770679517553,2026-02-09 23:25:17.553000,BTCUSDT,1,0.095,70292.7,0.0,0.095,0.0,6677.8065
1770679517553,2026-02-09 23:25:17.553000,ETHUSDT,1,7.112,2109.2,7.112,0.0,15000.630399999998,0.0
1770679518559,2026-02-09 23:25:18.559000,BTCUSDT,0,0.0,,0.0,0.0,0.0,0.0
1770679518559,2026-02-09 23:25:18.559000,ETHUSDT,0,0.0,,0.0,0.0,0.0,0.0
1770679519561,2026-02-09 23:25:19.561000,BTCUSDT,1,0.126,70295.7,0.126,0.0,8857.2582,0.0
1770679519561,2026-02-09 23:25:19.561000,ETHUSDT,1,7.368,2109.35,0.0,7.368,0.0,15541.6908
1770679520563,2026-02-09 23:25:20.563000,BTCUSDT,0,0.0,,0.0,0.0,0.0,0.0
1770679520563,2026-02-09 23:25:20.563000,ETHUSDT,1,0.004,2109.4,0.004,0.0,8.4376,0.0
1770679521568,2026-02-09 23:25:21.568000,BTCUSDT,2,0.029,70298.6,0.029,0.0,2038.6594000000002,0.0
1770679521568,2026-02-09 23:25:21.568000,ETHUSDT,2,10.363000000000001,2109.4499421017076,0.0,10.363000000000001,0.0,21860.22975
1770679522573,2026-02-09 23:25:22.573000,BTCUSDT,1,0.109,70298.5,0.0,0.109,0.0,7662.5365
1770679522573,2026-02-09 23:25:22.573000,ETHUSDT,0,0.0,,0.0,0.0,0.0,0.0
1770679523576,2026-02-09 23:25:23.576000,BTCUSDT,0,0.0,,0.0,0.0,0.0,0.0
1770679523576,2026-02-09 23:25:23.576000,ETHUSDT,1,13.333,2109.4,13.333,0.0,28124.630200000003,0.0
1770679524578,2026-02-09 23:25:24.578000,BTCUSDT,1,0.052,70294.6,0.052,0.0,3655.3192,0.0
1770679524578,2026-02-09 23:25:24.578000,ETHUSDT,0,0.0,,0.0,0.0,0.0,0.0
1770679525583,2026-02-09 23:25:25.583000,BTCUSDT,1,0.138,70294.6,0.138,0.0,9700.654800000002,0.0
1770679525583,2026-02-09 23:25:25.583000,ETHUSDT,0,0.0,,0.0,0.0,0.0,0.0
1770679526587,2026-02-09 23:25:26.587000,BTCUSDT,0,0.0,,0.0,0.0,0.0,0.0
1770679526587,2026-02-09 23:25:26.587000,ETHUSDT,0,0.0,,0.0,0.0,0.0,0.0
1770679527590,2026-02-09 23:25:27.590000,BTCUSDT,0,0.0,,0.0,0.0,0.0,0.0
1770679527590,2026-02-09 23:25:27.590000,ETHUSDT,2,10.543,2107.9499051503362,0.0,10.543,0.0,22224.115849999995
1770679528594,2026-02-09 23:25:28.594000,BTCUSDT,1,0.076,70273.4,0.0,0.076,0.0,5340.778399999999
1770679528594,2026-02-09 23:25:28.594000,ETHUSDT,0,0.0,,0.0,0.0,0.0,0.0
1770679529597,2026-02-09 23:25:29.597000,BTCUSDT,3,0.13,70250.13153846153,0.0,0.13,0.0,9132.5171
1770679529597,2026-02-09 23:25:29.597000,ETHUSDT,0,0.0,,0.0,0.0,0.0,0.0
1770679530598,2026-02-09 23:25:30.598000,BTCUSDT,0,0.0,,0.0,0.0,0.0,0.0
1770679530598,2026-02-09 23:25:30.598000,ETHUSDT,1,12.958,2106.05,12.958,0.0,27290.195900000002,0.0
1770679531601,2026-02-09 23:25:31.601000,BTCUSDT,1,0.002,70250.0,0.0,0.002,0.0,140.5
1770679531601,2026-02-09 23:25:31.601000,ETHUSDT,0,0.0,,0.0,0.0,0.0,0.0
1770679532605,2026-02-09 23:25:32.605000,BTCUSDT,1,0.116,70250.0,0.116,0.0,8149.0,0.0
1770679532605,2026-02-09 23:25:32.605000,ETHUSDT,1,0.004,2106.1,0.004,0.0,8.4244,0.0
1770679533606,2026-02-09 23:25:33.606000,BTCUSDT,0,0.0,,0.0,0.0,0.0,0.0
1770679533606,2026-02-09 23:25:33.606000,ETHUSDT,0,0.0,,0.0,0.0,0.0,0.0
1770679534609,2026-02-09 23:25:34.609000,BTCUSDT,1,0.089,70241.5,0.0,0.089,0.0,6251.4935
1770679534609,2026-02-09 23:25:34.609000,ETHUSDT,0,0.0,,0.0,0.0,0.0,0.0
1770679535611,2026-02-09 23:25:35.611000,BTCUSDT,0,0.0,,0.0,0.0,0.0,0.0
1770679535611,2026-02-09 23:25:35.611000,ETHUSDT,5,36.345,2105.3119273627735,0.0,36.345,0.0,76517.562
1770679536617,2026-02-09 23:25:36.617000,BTCUSDT,1,0.137,70236.3,0.137,0.0,9622.3731,0.0
1770679536617,2026-02-09 23:25:36.617000,ETHUSDT,1,22.171,2105.25,0.0,22.171,0.0,46675.49775
1770679537621,2026-02-09 23:25:37.621000,BTCUSDT,0,0.0,,0.0,0.0,0.0,0.0
1770679537621,2026-02-09 23:25:37.621000,ETHUSDT,1,0.017,2105.7,0.0,0.017,0.0,35.7969
1770679538626,2026-02-09 23:25:38.626000,BTCUSDT,1,0.062,70236.3,0.0,0.062,0.0,4354.6506
1770679538626,2026-02-09 23:25:38.626000,ETHUSDT,0,0.0,,0.0,0.0,0.0,0.0
1770679539633,2026-02-09 23:25:39.633000,BTCUSDT,1,0.065,70236.3,0.0,0.065,0.0,4565.3595000000005
1770679539633,2026-02-09 23:25:39.633000,ETHUSDT,1,0.018,2105.8,0.018,0.0,37.9044,0.0
1770679540639,2026-02-09 23:25:40.639000,BTCUSDT,0,0.0,,0.0,0.0,0.0,0.0
1770679540639,2026-02-09 23:25:40.639000,ETHUSDT,1,14.04,2105.75,14.04,0.0,29564.73,0.0
1770679541646,2026-02-09 23:25:41.646000,BTCUSDT,1,0.116,70236.3,0.116,0.0,8147.410800000001,0.0
1770679541646,2026-02-09 23:25:41.646000,ETHUSDT,1,0.012,2105.7,0.0,0.012,0.0,25.2684
1770679542652,2026-02-09 23:25:42.652000,BTCUSDT,1,0.218,70236.3,0.0,0.218,0.0,15311.5134
1770679542652,2026-02-09 23:25:42.652000,ETHUSDT,3,12.508999999999999,2105.2482972259972,12.043,0.466,25353.525749999997,981.0252
1770679543656,2026-02-09 23:25:43.656000,BTCUSDT,0,0.0,,0.0,0.0,0.0,0.0
1770679543656,2026-02-09 23:25:43.656000,ETHUSDT,0,0.0,,0.0,0.0,0.0,0.0
1770679544658,2026-02-09 23:25:44.658000,BTCUSDT,0,0.0,,0.0,0.0,0.0,0.0
1770679544658,2026-02-09 23:25:44.658000,ETHUSDT,1,18.132,2105.25,0.0,18.132,0.0,38172.393000000004
1770679545660,2026-02-09 23:25:45.660000,BTCUSDT,1,0.101,70229.8,0.101,0.0,7093.2098000000005,0.0
1770679545660,2026-02-09 23:25:45.660000,ETHUSDT,0,0.0,,0.0,0.0,0.0,0.0
1770679546666,2026-02-09 23:25:46.666000,BTCUSDT,0,0.0,,0.0,0.0,0.0,0.0
1770679546666,2026-02-09 23:25:46.666000,ETHUSDT,0,0.0,,0.0,0.0,0.0,0.0
1770679547671,2026-02-09 23:25:47.671000,BTCUSDT,1,0.183,70229.8,0.183,0.0,12852.0534,0.0
1770679547671,2026-02-09 23:25:47.671000,ETHUSDT,2,21.977,2105.0498543932295,21.913,0.064,46127.96065,134.72
1770679548678,2026-02-09 23:25:48.678000,BTCUSDT,0,0.0,,0.0,0.0,0.0,0.0
1770679548678,2026-02-09 23:25:48.678000,ETHUSDT,0,0.0,,0.0,0.0,0.0,0.0
1770679549684,2026-02-09 23:25:49.684000,BTCUSDT,2,0.16,70229.8175,0.028,0.132,1966.4371999999998,9270.3336
1770679549684,2026-02-09 23:25:49.684000,ETHUSDT,0,0.0,,0.0,0.0,0.0,0.0
1770679550690,2026-02-09 23:25:50.690000,BTCUSDT,0,0.0,,0.0,0.0,0.0,0.0
1770679550690,2026-02-09 23:25:50.690000,ETHUSDT,0,0.0,,0.0,0.0,0.0,0.0
1770679551696,2026-02-09 23:25:51.696000,BTCUSDT,1,0.137,70236.3,0.0,0.137,0.0,9622.3731
1770679551696,2026-02-09 23:25:51.696000,ETHUSDT,1,19.339,2105.5,0.0,19.339,0.0,40718.2645
1770679552699,2026-02-09 23:25:52.699000,BTCUSDT,0,0.0,,0.0,0.0,0.0,0.0
1770679552699,2026-02-09 23:25:52.699000,ETHUSDT,0,0.0,,0.0,0.0,0.0,0.0
1770679553703,2026-02-09 23:25:53.703000,BTCUSDT,1,0.119,70239.7,0.119,0.0,8358.5243,0.0
1770679553703,2026-02-09 23:25:53.703000,ETHUSDT,3,11.725999999999999,2105.3559440559443,0.0,11.725999999999999,0.0,24687.4038
1770679554709,2026-02-09 23:25:54.709000,BTCUSDT,0,0.0,,0.0,0.0,0.0,0.0
1770679554709,2026-02-09 23:25:54.709000,ETHUSDT,1,9.418,2105.35,9.418,0.0,19828.186299999998,0.0
1770679555714,2026-02-09 23:25:55.714000,BTCUSDT,1,0.101,70240.9,0.0,0.101,0.0,7094.3309
1770679555714,2026-02-09 23:25:55.714000,ETHUSDT,0,0.0,,0.0,0.0,0.0,0.0
1770679556719,2026-02-09 23:25:56.719000,BTCUSDT,1,0.103,70241.5,0.103,0.0,7234.8745,0.0
1770679556719,2026-02-09 23:25:56.719000,ETHUSDT,0,0.0,,0.0,0.0,0.0,0.0
1770679557720,2026-02-09 23:25:57.720000,BTCUSDT,0,0.0,,0.0,0.0,0.0,0.0
1770679557720,2026-02-09 23:25:57.720000,ETHUSDT,1,0.004,2105.4,0.0,0.004,0.0,8.4216
1770679558722,2026-02-09 23:25:58.722000,BTCUSDT,0,0.0,,0.0,0.0,0.0,0.0
1770679558722,2026-02-09 23:25:58.722000,ETHUSDT,0,0.0,,0.0,0.0,0.0,0.0
1770679559724,2026-02-09 23:25:59.724000,BTCUSDT,0,0.0,,0.0,0.0,0.0,0.0
1770679559724,2026-02-09 23:25:59.724000,ETHUSDT,1,12.984,2105.75,12.984,0.0,27341.058,0.0
1770679560729,2026-02-09 23:26:00.729000,BTCUSDT,0,0.0,,0.0,0.0,0.0,0.0
1770679560729,2026-02-09 23:26:00.729000,ETHUSDT,0,0.0,,0.0,0.0,0.0,0.0
1770679561732,2026-02-09 23:26:01.732000,BTCUSDT,1,0.016,70241.5,0.0,0.016,0.0,1123.864
1770679561732,2026-02-09 23:26:01.732000,ETHUSDT,1,8.172,2105.55,8.172,0.0,17206.554600000003,0.0
1770679562735,2026-02-09 23:26:02.735000,BTCUSDT,1,0.154,70241.5,0.0,0.154,0.0,10817.191
1770679562735,2026-02-09 23:26:02.735000,ETHUSDT,2,0.007,2105.5428571428574,0.003,0.004,6.3168,8.422
1770679563737,2026-02-09 23:26:03.737000,BTCUSDT,0,0.0,,0.0,0.0,0.0,0.0
1770679563737,2026-02-09 23:26:03.737000,ETHUSDT,1,14.239,2105.55,0.0,14.239,0.0,29980.926450000003
1770679564742,2026-02-09 23:26:04.742000,BTCUSDT,1,0.112,70237.6,0.112,0.0,7866.611200000001,0.0
1770679564742,2026-02-09 23:26:04.742000,ETHUSDT,1,3.25,2105.5,0.0,3.25,0.0,6842.875
1770679565746,2026-02-09 23:26:05.746000,BTCUSDT,1,0.187,70236.3,0.187,0.0,13134.188100000001,0.0
1770679565746,2026-02-09 23:26:05.746000,ETHUSDT,1,21.234,2105.05,21.234,0.0,44698.631700000005,0.0
1770679566752,2026-02-09 23:26:06.752000,BTCUSDT,1,1.425,70236.3,0.0,1.425,0.0,100086.72750000001
1770679566752,2026-02-09 23:26:06.752000,ETHUSDT,0,0.0,,0.0,0.0,0.0,0.0
1770679567755,2026-02-09 23:26:07.755000,BTCUSDT,0,0.0,,0.0,0.0,0.0,0.0
1770679567755,2026-02-09 23:26:07.755000,ETHUSDT,1,0.004,2105.0,0.0,0.004,0.0,8.42
1770679568761,2026-02-09 23:26:08.761000,BTCUSDT,1,0.114,70236.3,0.0,0.114,0.0,8006.9382000000005
1770679568761,2026-02-09 23:26:08.761000,ETHUSDT,1,10.646,2105.05,0.0,10.646,0.0,22410.362300000004
1770679569765,2026-02-09 23:26:09.765000,BTCUSDT,0,0.0,,0.0,0.0,0.0,0.0
1770679569765,2026-02-09 23:26:09.765000,ETHUSDT,0,0.0,,0.0,0.0,0.0,0.0
1770679570768,2026-02-09 23:26:10.768000,BTCUSDT,1,0.156,70232.8,0.0,0.156,0.0,10956.3168
1770679570768,2026-02-09 23:26:10.768000,ETHUSDT,2,24.162,2105.0490191209337,23.688,0.474,49864.4244,997.77
1770679571773,2026-02-09 23:26:11.773000,BTCUSDT,0,0.0,,0.0,0.0,0.0,0.0
1770679571773,2026-02-09 23:26:11.773000,ETHUSDT,0,0.0,,0.0,0.0,0.0,0.0
1770679572775,2026-02-09 23:26:12.775000,BTCUSDT,1,0.106,70237.9,0.106,0.0,7445.2173999999995,0.0
1770679572775,2026-02-09 23:26:12.775000,ETHUSDT,1,0.004,2105.1,0.004,0.0,8.420399999999999,0.0
1770679573779,2026-02-09 23:26:13.779000,BTCUSDT,0,0.0,,0.0,0.0,0.0,0.0
1770679573779,2026-02-09 23:26:13.779000,ETHUSDT,0,0.0,,0.0,0.0,0.0,0.0
1770679574781,2026-02-09 23:26:14.781000,BTCUSDT,0,0.0,,0.0,0.0,0.0,0.0
1770679574781,2026-02-09 23:26:14.781000,ETHUSDT,1,13.972,2104.85,0.0,13.972,0.0,29408.9642
1770679575783,2026-02-09 23:26:15.783000,BTCUSDT,1,0.194,70241.5,0.0,0.194,0.0,13626.851
1770679575783,2026-02-09 23:26:15.783000,ETHUSDT,0,0.0,,0.0,0.0,0.0,0.0
1770679576784,2026-02-09 23:26:16.784000,BTCUSDT,2,0.7060000000000001,70241.50396600565,0.028,0.678,1966.7648000000002,47623.737
1770679576784,2026-02-09 23:26:16.784000,ETHUSDT,1,23.045,2105.65,0.0,23.045,0.0,48524.70425
1770679577788,2026-02-09 23:26:17.788000,BTCUSDT,0,0.0,,0.0,0.0,0.0,0.0
1770679577788,2026-02-09 23:26:17.788000,ETHUSDT,1,0.043,2105.7,0.043,0.0,90.54509999999999,0.0
1770679578791,2026-02-09 23:26:18.791000,BTCUSDT,1,0.084,70241.5,0.084,0.0,5900.286,0.0
1770679578791,2026-02-09 23:26:18.791000,ETHUSDT,0,0.0,,0.0,0.0,0.0,0.0
1770679579811,2026-02-09 23:26:19.811000,BTCUSDT,1,0.192,70241.6,0.0,0.192,0.0,13486.387200000001
1770679579811,2026-02-09 23:26:19.811000,ETHUSDT,1,7.601,2105.95,7.601,0.0,16007.325949999999,0.0
1770679580814,2026-02-09 23:26:20.814000,BTCUSDT,0,0.0,,0.0,0.0,0.0,0.0
1770679580814,2026-02-09 23:26:20.814000,ETHUSDT,1,21.587,2105.95,21.587,0.0,45461.142649999994,0.0
1770679581821,2026-02-09 23:26:21.821000,BTCUSDT,0,0.0,,0.0,0.0,0.0,0.0
1770679581821,2026-02-09 23:26:21.821000,ETHUSDT,0,0.0,,0.0,0.0,0.0,0.0
1770679582826,2026-02-09 23:26:22.826000,BTCUSDT,1,0.108,70241.6,0.108,0.0,7586.0928,0.0
1770679582826,2026-02-09 23:26:22.826000,ETHUSDT,1,0.004,2105.9,0.0,0.004,0.0,8.4236
1770679583831,2026-02-09 23:26:23.831000,BTCUSDT,0,0.0,,0.0,0.0,0.0,0.0
1770679583831,2026-02-09 23:26:23.831000,ETHUSDT,2,16.387,2105.9003661438946,0.06,16.327,126.36,34383.0293
1770679584833,2026-02-09 23:26:24.833000,BTCUSDT,1,0.077,70241.6,0.077,0.0,5408.6032000000005,0.0
1770679584833,2026-02-09 23:26:24.833000,ETHUSDT,0,0.0,,0.0,0.0,0.0,0.0
1770679585834,2026-02-09 23:26:25.834000,BTCUSDT,0,0.0,,0.0,0.0,0.0,0.0
1770679585834,2026-02-09 23:26:25.834000,ETHUSDT,1,0.004,2106.0,0.004,0.0,8.424,0.0
1770679586840,2026-02-09 23:26:26.840000,BTCUSDT,1,0.173,70246.9,0.173,0.0,12152.713699999998,0.0
1770679586840,2026-02-09 23:26:26.840000,ETHUSDT,0,0.0,,0.0,0.0,0.0,0.0
1770679587846,2026-02-09 23:26:27.846000,BTCUSDT,0,0.0,,0.0,0.0,0.0,0.0
1770679587846,2026-02-09 23:26:27.846000,ETHUSDT,0,0.0,,0.0,0.0,0.0,0.0
1770679588849,2026-02-09 23:26:28.849000,BTCUSDT,0,0.0,,0.0,0.0,0.0,0.0
1770679588849,2026-02-09 23:26:28.849000,ETHUSDT,0,0.0,,0.0,0.0,0.0,0.0
1770679589855,2026-02-09 23:26:29.855000,BTCUSDT,1,0.144,70241.6,0.0,0.144,0.0,10114.7904
1770679589855,2026-02-09 23:26:29.855000,ETHUSDT,1,25.577,2106.3,0.0,25.577,0.0,53872.83510000001
1770679590861,2026-02-09 23:26:30.861000,BTCUSDT,0,0.0,,0.0,0.0,0.0,0.0
1770679590861,2026-02-09 23:26:30.861000,ETHUSDT,0,0.0,,0.0,0.0,0.0,0.0
1770679591863,2026-02-09 23:26:31.863000,BTCUSDT,0,0.0,,0.0,0.0,0.0,0.0
1770679591863,2026-02-09 23:26:31.863000,ETHUSDT,1,0.104,2106.6,0.104,0.0,219.08639999999997,0.0
1770679592866,2026-02-09 23:26:32.866000,BTCUSDT,0,0.0,,0.0,0.0,0.0,0.0
1770679592866,2026-02-09 23:26:32.866000,ETHUSDT,0,0.0,,0.0,0.0,0.0,0.0
1770679593871,2026-02-09 23:26:33.871000,BTCUSDT,1,0.091,70250.0,0.091,0.0,6392.75,0.0
1770679593871,2026-02-09 23:26:33.871000,ETHUSDT,1,14.086,2106.05,14.086,0.0,29665.820300000003,0.0
1770679594876,2026-02-09 23:26:34.876000,BTCUSDT,0,0.0,,0.0,0.0,0.0,0.0
1770679594876,2026-02-09 23:26:34.876000,ETHUSDT,0,0.0,,0.0,0.0,0.0,0.0
1770679595879,2026-02-09 23:26:35.879000,BTCUSDT,0,0.0,,0.0,0.0,0.0,0.0
1770679595879,2026-02-09 23:26:35.879000,ETHUSDT,1,15.271,2106.05,0.0,15.271,0.0,32161.489550000006
1770679596882,2026-02-09 23:26:36.882000,BTCUSDT,1,0.141,70241.9,0.141,0.0,9904.107899999999,0.0
1770679596882,2026-02-09 23:26:36.882000,ETHUSDT,0,0.0,,0.0,0.0,0.0,0.0
1770679597885,2026-02-09 23:26:37.885000,BTCUSDT,0,0.0,,0.0,0.0,0.0,0.0
1770679597885,2026-02-09 23:26:37.885000,ETHUSDT,1,0.004,2106.0,0.0,0.004,0.0,8.424
1770679598890,2026-02-09 23:26:38.890000,BTCUSDT,0,0.0,,0.0,0.0,0.0,0.0
1770679598890,2026-02-09 23:26:38.890000,ETHUSDT,1,0.475,2106.0,0.0,0.475,0.0,1000.3499999999999
1770679599895,2026-02-09 23:26:39.895000,BTCUSDT,1,0.055,70247.0,0.0,0.055,0.0,3863.585
1770679599895,2026-02-09 23:26:39.895000,ETHUSDT,1,12.348,2106.75,12.348,0.0,26014.149,0.0
1770679600897,2026-02-09 23:26:40.897000,BTCUSDT,1,0.085,70247.0,0.0,0.085,0.0,5970.995000000001
1770679600897,2026-02-09 23:26:40.897000,ETHUSDT,0,0.0,,0.0,0.0,0.0,0.0
1770679601903,2026-02-09 23:26:41.903000,BTCUSDT,1,0.102,70242.5,0.102,0.0,7164.735,0.0
1770679601903,2026-02-09 23:26:41.903000,ETHUSDT,1,11.19,2106.5,0.0,11.19,0.0,23571.735
1770679602908,2026-02-09 23:26:42.908000,BTCUSDT,0,0.0,,0.0,0.0,0.0,0.0
1770679602908,2026-02-09 23:26:42.908000,ETHUSDT,1,0.004,2106.4,0.0,0.004,0.0,8.425600000000001
1770679603912,2026-02-09 23:26:43.912000,BTCUSDT,1,0.028,70242.6,0.028,0.0,1966.7928000000002,0.0
1770679603912,2026-02-09 23:26:43.912000,ETHUSDT,0,0.0,,0.0,0.0,0.0,0.0
1770679604917,2026-02-09 23:26:44.917000,BTCUSDT,1,0.121,70242.50000000001,0.0,0.121,0.0,8499.3425
1770679604917,2026-02-09 23:26:44.917000,ETHUSDT,1,17.065,2106.25,17.065,0.0,35943.15625,0.0
1770679605920,2026-02-09 23:26:45.920000,BTCUSDT,0,0.0,,0.0,0.0,0.0,0.0
1770679605920,2026-02-09 23:26:45.920000,ETHUSDT,0,0.0,,0.0,0.0,0.0,0.0
1770679606922,2026-02-09 23:26:46.922000,BTCUSDT,0,0.0,,0.0,0.0,0.0,0.0
1770679606922,2026-02-09 23:26:46.922000,ETHUSDT,0,0.0,,0.0,0.0,0.0,0.0
1770679607924,2026-02-09 23:26:47.924000,BTCUSDT,1,0.046,70238.6,0.046,0.0,3230.9756,0.0
1770679607924,2026-02-09 23:26:47.924000,ETHUSDT,1,0.004,2106.2,0.0,0.004,0.0,8.4248
1770679608928,2026-02-09 23:26:48.928000,BTCUSDT,1,0.103,70238.6,0.103,0.0,7234.5758000000005,0.0
1770679608928,2026-02-09 23:26:48.928000,ETHUSDT,1,4.714,2106.45,0.0,4.714,0.0,9929.8053
1770679609932,2026-02-09 23:26:49.932000,BTCUSDT,0,0.0,,0.0,0.0,0.0,0.0
1770679609932,2026-02-09 23:26:49.932000,ETHUSDT,1,5.002,2106.45,0.0,5.002,0.0,10536.462899999999
1770679610936,2026-02-09 23:26:50.936000,BTCUSDT,1,0.048,70238.6,0.0,0.048,0.0,3371.4528000000005
1770679610936,2026-02-09 23:26:50.936000,ETHUSDT,1,10.08,2106.4,0.0,10.08,0.0,21232.512000000002
1770679611940,2026-02-09 23:26:51.940000,BTCUSDT,0,0.0,,0.0,0.0,0.0,0.0
1770679611940,2026-02-09 23:26:51.940000,ETHUSDT,0,0.0,,0.0,0.0,0.0,0.0
1770679612945,2026-02-09 23:26:52.945000,BTCUSDT,0,0.0,,0.0,0.0,0.0,0.0
1770679612945,2026-02-09 23:26:52.945000,ETHUSDT,1,0.004,2106.4,0.0,0.004,0.0,8.425600000000001
1770679613947,2026-02-09 23:26:53.947000,BTCUSDT,0,0.0,,0.0,0.0,0.0,0.0
1770679613947,2026-02-09 23:26:53.947000,ETHUSDT,1,16.576,2107.35,16.576,0.0,34931.4336,0.0
1770679614956,2026-02-09 23:26:54.956000,BTCUSDT,2,0.132,70239.59242424244,0.131,0.001,9201.387600000002,70.2386
1770679614956,2026-02-09 23:26:54.956000,ETHUSDT,0,0.0,,0.0,0.0,0.0,0.0
1770679615962,2026-02-09 23:26:55.962000,BTCUSDT,0,0.0,,0.0,0.0,0.0,0.0
1770679615962,2026-02-09 23:26:55.962000,ETHUSDT,1,0.004,2107.6,0.004,0.0,8.4304,0.0
1770679616966,2026-02-09 23:26:56.966000,BTCUSDT,0,0.0,,0.0,0.0,0.0,0.0
1770679616966,2026-02-09 23:26:56.966000,ETHUSDT,0,0.0,,0.0,0.0,0.0,0.0
1770679617968,2026-02-09 23:26:57.968000,BTCUSDT,0,0.0,,0.0,0.0,0.0,0.0
1770679617968,2026-02-09 23:26:57.968000,ETHUSDT,2,16.872999999999998,2108.051452023944,0.098,16.775,206.6134,35362.53875
1770679618974,2026-02-09 23:26:58.974000,BTCUSDT,1,0.136,70267.4,0.136,0.0,9556.3664,0.0
1770679618974,2026-02-09 23:26:58.974000,ETHUSDT,1,0.002,2108.3,0.002,0.0,4.216600000000001,0.0
1770679619980,2026-02-09 23:26:59.980000,BTCUSDT,0,0.0,,0.0,0.0,0.0,0.0
1770679619980,2026-02-09 23:26:59.980000,ETHUSDT,0,0.0,,0.0,0.0,0.0,0.0
1770679620987,2026-02-09 23:27:00.987000,BTCUSDT,1,0.215,70272.7,0.0,0.215,0.0,15108.6305
1770679620987,2026-02-09 23:27:00.987000,ETHUSDT,1,0.004,2108.5,0.004,0.0,8.434000000000001,0.0
1770679621988,2026-02-09 23:27:01.988000,BTCUSDT,0,0.0,,0.0,0.0,0.0,0.0
1770679621988,2026-02-09 23:27:01.988000,ETHUSDT,1,16.773,2108.75,16.773,0.0,35370.06375,0.0
1770679622994,2026-02-09 23:27:02.994000,BTCUSDT,0,0.0,,0.0,0.0,0.0,0.0
1770679622994,2026-02-09 23:27:02.994000,ETHUSDT,0,0.0,,0.0,0.0,0.0,0.0
1770679624000,2026-02-09 23:27:04.000000,BTCUSDT,1,0.149,70275.9,0.149,0.0,10471.109099999998,0.0
1770679624000,2026-02-09 23:27:04.000000,ETHUSDT,0,0.0,,0.0,0.0,0.0,0.0
1770679625005,2026-02-09 23:27:05.005000,BTCUSDT,0,0.0,,0.0,0.0,0.0,0.0
1770679625005,2026-02-09 23:27:05.005000,ETHUSDT,1,15.136,2108.65,0.0,15.136,0.0,31916.5264
1770679626012,2026-02-09 23:27:06.012000,BTCUSDT,1,0.225,70275.9,0.0,0.225,0.0,15812.0775
1770679626012,2026-02-09 23:27:06.012000,ETHUSDT,0,0.0,,0.0,0.0,0.0,0.0
1770679627018,2026-02-09 23:27:07.018000,BTCUSDT,0,0.0,,0.0,0.0,0.0,0.0
1770679627018,2026-02-09 23:27:07.018000,ETHUSDT,1,0.066,2108.6,0.0,0.066,0.0,139.1676
1770679628023,2026-02-09 23:27:08.023000,BTCUSDT,1,0.228,70264.1,0.228,0.0,16020.214800000002,0.0
1770679628023,2026-02-09 23:27:08.023000,ETHUSDT,2,8.565,2108.2499766491537,8.561,0.004,18048.72825,8.4328
1770679629028,2026-02-09 23:27:09.028000,BTCUSDT,0,0.0,,0.0,0.0,0.0,0.0
1770679629028,2026-02-09 23:27:09.028000,ETHUSDT,0,0.0,,0.0,0.0,0.0,0.0
1770679630032,2026-02-09 23:27:10.032000,BTCUSDT,0,0.0,,0.0,0.0,0.0,0.0
1770679630032,2026-02-09 23:27:10.032000,ETHUSDT,1,7.291,2108.45,0.0,7.291,0.0,15372.70895
1770679631038,2026-02-09 23:27:11.038000,BTCUSDT,1,0.239,70264.1,0.0,0.239,0.0,16793.1199
1770679631038,2026-02-09 23:27:11.038000,ETHUSDT,0,0.0,,0.0,0.0,0.0,0.0
1770679632040,2026-02-09 23:27:12.040000,BTCUSDT,2,0.061,70257.63934426231,0.061,0.0,4285.716,0.0
1770679632040,2026-02-09 23:27:12.040000,ETHUSDT,0,0.0,,0.0,0.0,0.0,0.0
1770679633044,2026-02-09 23:27:13.044000,BTCUSDT,0,0.0,,0.0,0.0,0.0,0.0
1770679633044,2026-02-09 23:27:13.044000,ETHUSDT,1,0.004,2107.3,0.0,0.004,0.0,8.429200000000002
1770679634050,2026-02-09 23:27:14.050000,BTCUSDT,2,1.795,70250.38752089137,1.795,0.0,126099.44559999999,0.0
1770679634050,2026-02-09 23:27:14.050000,ETHUSDT,0,0.0,,0.0,0.0,0.0,0.0
1770679635054,2026-02-09 23:27:15.054000,BTCUSDT,0,0.0,,0.0,0.0,0.0,0.0
1770679635054,2026-02-09 23:27:15.054000,ETHUSDT,1,10.082,2107.35,0.0,10.082,0.0,21246.3027
1770679636057,2026-02-09 23:27:16.057000,BTCUSDT,0,0.0,,0.0,0.0,0.0,0.0
1770679636057,2026-02-09 23:27:16.057000,ETHUSDT,1,0.004,2107.4,0.004,0.0,8.4296,0.0
1770679637059,2026-02-09 23:27:17.059000,BTCUSDT,0,0.0,,0.0,0.0,0.0,0.0
1770679637059,2026-02-09 23:27:17.059000,ETHUSDT,1,6.52,2108.25,0.0,6.52,0.0,13745.789999999999
1770679638061,2026-02-09 23:27:18.061000,BTCUSDT,0,0.0,,0.0,0.0,0.0,0.0
1770679638061,2026-02-09 23:27:18.061000,ETHUSDT,0,0.0,,0.0,0.0,0.0,0.0
1770679639067,2026-02-09 23:27:19.067000,BTCUSDT,1,0.219,70275.9,0.219,0.0,15390.422099999998,0.0
1770679639067,2026-02-09 23:27:19.067000,ETHUSDT,2,14.746,2108.241577376916,12.262,2.484,25851.361500000003,5236.7688
1770679640073,2026-02-09 23:27:20.073000,BTCUSDT,0,0.0,,0.0,0.0,0.0,0.0
1770679640073,2026-02-09 23:27:20.073000,ETHUSDT,0,0.0,,0.0,0.0,0.0,0.0
1770679641078,2026-02-09 23:27:21.078000,BTCUSDT,0,0.0,,0.0,0.0,0.0,0.0
1770679641078,2026-02-09 23:27:21.078000,ETHUSDT,0,0.0,,0.0,0.0,0.0,0.0
1770679642083,2026-02-09 23:27:22.083000,BTCUSDT,0,0.0,,0.0,0.0,0.0,0.0
1770679642083,2026-02-09 23:27:22.083000,ETHUSDT,0,0.0,,0.0,0.0,0.0,0.0
1770679643087,2026-02-09 23:27:23.087000,BTCUSDT,1,0.173,70272.5,0.0,0.173,0.0,12157.1425
1770679643087,2026-02-09 23:27:23.087000,ETHUSDT,1,11.025,2107.95,0.0,11.025,0.0,23240.14875
1770679644093,2026-02-09 23:27:24.093000,BTCUSDT,0,0.0,,0.0,0.0,0.0,0.0
1770679644093,2026-02-09 23:27:24.093000,ETHUSDT,0,0.0,,0.0,0.0,0.0,0.0
1770679645098,2026-02-09 23:27:25.098000,BTCUSDT,1,0.002,70271.3,0.002,0.0,140.54260000000002,0.0
1770679645098,2026-02-09 23:27:25.098000,ETHUSDT,1,0.154,2107.7,0.154,0.0,324.58579999999995,0.0
1770679646103,2026-02-09 23:27:26.103000,BTCUSDT,0,0.0,,0.0,0.0,0.0,0.0
1770679646103,2026-02-09 23:27:26.103000,ETHUSDT,1,6.692,2107.85,6.692,0.0,14105.7322,0.0
1770679647104,2026-02-09 23:27:27.104000,BTCUSDT,1,0.31,70284.9,0.0,0.31,0.0,21788.319
1770679647104,2026-02-09 23:27:27.104000,ETHUSDT,0,0.0,,0.0,0.0,0.0,0.0
1770679648110,2026-02-09 23:27:28.110000,BTCUSDT,0,0.0,,0.0,0.0,0.0,0.0
1770679648110,2026-02-09 23:27:28.110000,ETHUSDT,1,8.303,2108.05,0.0,8.303,0.0,17503.139150000003
1770679649117,2026-02-09 23:27:29.117000,BTCUSDT,0,0.0,,0.0,0.0,0.0,0.0
1770679649117,2026-02-09 23:27:29.117000,ETHUSDT,0,0.0,,0.0,0.0,0.0,0.0
1770679650119,2026-02-09 23:27:30.119000,BTCUSDT,0,0.0,,0.0,0.0,0.0,0.0
1770679650119,2026-02-09 23:27:30.119000,ETHUSDT,1,5.751,2107.75,5.751,0.0,12121.670250000001,0.0
1770679651121,2026-02-09 23:27:31.121000,BTCUSDT,0,0.0,,0.0,0.0,0.0,0.0
1770679651121,2026-02-09 23:27:31.121000,ETHUSDT,0,0.0,,0.0,0.0,0.0,0.0
1770679652127,2026-02-09 23:27:32.127000,BTCUSDT,1,0.183,70284.5,0.0,0.183,0.0,12862.0635
1770679652127,2026-02-09 23:27:32.127000,ETHUSDT,1,5.243,2107.75,0.0,5.243,0.0,11050.93325
1770679653134,2026-02-09 23:27:33.134000,BTCUSDT,0,0.0,,0.0,0.0,0.0,0.0
1770679653134,2026-02-09 23:27:33.134000,ETHUSDT,1,12.121,2107.75,12.121,0.0,25548.03775,0.0
1770679654139,2026-02-09 23:27:34.139000,BTCUSDT,1,0.298,70284.5,0.298,0.0,20944.781,0.0
1770679654139,2026-02-09 23:27:34.139000,ETHUSDT,0,0.0,,0.0,0.0,0.0,0.0
1770679655145,2026-02-09 23:27:35.145000,BTCUSDT,0,0.0,,0.0,0.0,0.0,0.0
1770679655145,2026-02-09 23:27:35.145000,ETHUSDT,1,0.474,2108.2,0.0,0.474,0.0,999.2867999999999
1770679656151,2026-02-09 23:27:36.151000,BTCUSDT,0,0.0,,0.0,0.0,0.0,0.0
1770679656151,2026-02-09 23:27:36.151000,ETHUSDT,0,0.0,,0.0,0.0,0.0,0.0
1770679657156,2026-02-09 23:27:37.156000,BTCUSDT,2,1.5190000000000001,70276.68235681369,1.25,0.269,87843.75,18906.5305
1770679657156,2026-02-09 23:27:37.156000,ETHUSDT,1,12.495,2108.25,0.0,12.495,0.0,26342.583749999998
1770679658161,2026-02-09 23:27:38.161000,BTCUSDT,0,0.0,,0.0,0.0,0.0,0.0
1770679658161,2026-02-09 23:27:38.161000,ETHUSDT,0,0.0,,0.0,0.0,0.0,0.0
1770679659167,2026-02-09 23:27:39.167000,BTCUSDT,1,0.224,70267.4,0.224,0.0,15739.897599999998,0.0
1770679659167,2026-02-09 23:27:39.167000,ETHUSDT,0,0.0,,0.0,0.0,0.0,0.0
1770679660173,2026-02-09 23:27:40.173000,BTCUSDT,1,0.028,70267.5,0.028,0.0,1967.49,0.0
1770679660173,2026-02-09 23:27:40.173000,ETHUSDT,0,0.0,,0.0,0.0,0.0,0.0
1770679661177,2026-02-09 23:27:41.177000,BTCUSDT,1,0.281,70267.4,0.0,0.281,0.0,19745.1394
1770679661177,2026-02-09 23:27:41.177000,ETHUSDT,1,8.844,2106.85,8.844,0.0,18632.981399999997,0.0
1770679662184,2026-02-09 23:27:42.184000,BTCUSDT,0,0.0,,0.0,0.0,0.0,0.0
1770679662184,2026-02-09 23:27:42.184000,ETHUSDT,0,0.0,,0.0,0.0,0.0,0.0
1770679663190,2026-02-09 23:27:43.190000,BTCUSDT,0,0.0,,0.0,0.0,0.0,0.0
1770679663190,2026-02-09 23:27:43.190000,ETHUSDT,1,5.958,2106.85,0.0,5.958,0.0,12552.6123
1770679664192,2026-02-09 23:27:44.192000,BTCUSDT,1,0.274,70267.4,0.274,0.0,19253.2676,0.0
1770679664192,2026-02-09 23:27:44.192000,ETHUSDT,0,0.0,,0.0,0.0,0.0,0.0
1770679665198,2026-02-09 23:27:45.198000,BTCUSDT,0,0.0,,0.0,0.0,0.0,0.0
1770679665198,2026-02-09 23:27:45.198000,ETHUSDT,1,5.337,2106.85,5.337,0.0,11244.25845,0.0
1770679666203,2026-02-09 23:27:46.203000,BTCUSDT,0,0.0,,0.0,0.0,0.0,0.0
1770679666203,2026-02-09 23:27:46.203000,ETHUSDT,0,0.0,,0.0,0.0,0.0,0.0
1770679667204,2026-02-09 23:27:47.204000,BTCUSDT,0,0.0,,0.0,0.0,0.0,0.0
1770679667204,2026-02-09 23:27:47.204000,ETHUSDT,2,6.523000000000001,2106.4652767131684,1.993,4.53,4198.2545,9542.218499999999
1770679668207,2026-02-09 23:27:48.207000,BTCUSDT,1,0.188,70250.0,0.0,0.188,0.0,13207.0
1770679668207,2026-02-09 23:27:48.207000,ETHUSDT,1,5.939,2106.55,5.939,0.0,12510.80045,0.0
1770679669212,2026-02-09 23:27:49.212000,BTCUSDT,0,0.0,,0.0,0.0,0.0,0.0
1770679669212,2026-02-09 23:27:49.212000,ETHUSDT,0,0.0,,0.0,0.0,0.0,0.0
1770679670214,2026-02-09 23:27:50.214000,BTCUSDT,1,0.243,70276.2,0.243,0.0,17077.116599999998,0.0
1770679670214,2026-02-09 23:27:50.214000,ETHUSDT,1,6.234,2107.25,0.0,6.234,0.0,13136.5965
1770679671220,2026-02-09 23:27:51.220000,BTCUSDT,0,0.0,,0.0,0.0,0.0,0.0
1770679671220,2026-02-09 23:27:51.220000,ETHUSDT,0,0.0,,0.0,0.0,0.0,0.0
1770679672226,2026-02-09 23:27:52.226000,BTCUSDT,1,0.231,70269.7,0.0,0.231,0.0,16232.3007
1770679672226,2026-02-09 23:27:52.226000,ETHUSDT,0,0.0,,0.0,0.0,0.0,0.0
1770679673232,2026-02-09 23:27:53.232000,BTCUSDT,0,0.0,,0.0,0.0,0.0,0.0
1770679673232,2026-02-09 23:27:53.232000,ETHUSDT,0,0.0,,0.0,0.0,0.0,0.0
1770679674236,2026-02-09 23:27:54.236000,BTCUSDT,1,0.168,70269.8,0.168,0.0,11805.326400000002,0.0
1770679674236,2026-02-09 23:27:54.236000,ETHUSDT,0,0.0,,0.0,0.0,0.0,0.0
1770679675241,2026-02-09 23:27:55.241000,BTCUSDT,1,0.146,70270.0,0.0,0.146,0.0,10259.42
1770679675241,2026-02-09 23:27:55.241000,ETHUSDT,0,0.0,,0.0,0.0,0.0,0.0
1770679676244,2026-02-09 23:27:56.244000,BTCUSDT,1,0.197,70270.1,0.197,0.0,13843.209700000001,0.0
1770679676244,2026-02-09 23:27:56.244000,ETHUSDT,1,0.004,2107.7,0.004,0.0,8.4308,0.0
1770679677248,2026-02-09 23:27:57.248000,BTCUSDT,1,0.193,70281.8,0.193,0.0,13564.387400000001,0.0
1770679677248,2026-02-09 23:27:57.248000,ETHUSDT,1,9.924,2107.45,0.0,9.924,0.0,20914.333799999997
1770679678252,2026-02-09 23:27:58.252000,BTCUSDT,0,0.0,,0.0,0.0,0.0,0.0
1770679678252,2026-02-09 23:27:58.252000,ETHUSDT,0,0.0,,0.0,0.0,0.0,0.0
1770679679255,2026-02-09 23:27:59.255000,BTCUSDT,1,0.154,70270.0,0.0,0.154,0.0,10821.58
1770679679255,2026-02-09 23:27:59.255000,ETHUSDT,0,0.0,,0.0,0.0,0.0,0.0
1770679680270,2026-02-09 23:28:00.270000,BTCUSDT,0,0.0,,0.0,0.0,0.0,0.0
1770679680270,2026-02-09 23:28:00.270000,ETHUSDT,2,6.849,2107.050240911082,6.816,0.033,14361.652800000002,69.5343
1770679681276,2026-02-09 23:28:01.276000,BTCUSDT,1,0.213,70270.0,0.213,0.0,14967.51,0.0
1770679681276,2026-02-09 23:28:01.276000,ETHUSDT,0,0.0,,0.0,0.0,0.0,0.0
1770679682281,2026-02-09 23:28:02.281000,BTCUSDT,0,0.0,,0.0,0.0,0.0,0.0
1770679682281,2026-02-09 23:28:02.281000,ETHUSDT,1,0.004,2106.5,0.0,0.004,0.0,8.426
1770679683286,2026-02-09 23:28:03.286000,BTCUSDT,1,0.196,70263.4,0.196,0.0,13771.6264,0.0
1770679683286,2026-02-09 23:28:03.286000,ETHUSDT,1,3.257,2106.85,3.257,0.0,6862.01045,0.0
1770679684288,2026-02-09 23:28:04.288000,BTCUSDT,1,0.092,70269.7,0.0,0.092,0.0,6464.8124
1770679684288,2026-02-09 23:28:04.288000,ETHUSDT,1,7.873,2107.15,0.0,7.873,0.0,16589.59195
1770679685293,2026-02-09 23:28:05.293000,BTCUSDT,1,0.217,70269.7,0.0,0.217,0.0,15248.524899999999
1770679685293,2026-02-09 23:28:05.293000,ETHUSDT,1,0.004,2107.2,0.004,0.0,8.428799999999999,0.0
1770679686299,2026-02-09 23:28:06.299000,BTCUSDT,0,0.0,,0.0,0.0,0.0,0.0
1770679686299,2026-02-09 23:28:06.299000,ETHUSDT,0,0.0,,0.0,0.0,0.0,0.0
1770679687300,2026-02-09 23:28:07.300000,BTCUSDT,1,0.031,70269.8,0.031,0.0,2178.3638,0.0
1770679687300,2026-02-09 23:28:07.300000,ETHUSDT,1,2.633,2107.35,2.633,0.0,5548.65255,0.0
1770679688304,2026-02-09 23:28:08.304000,BTCUSDT,2,0.245,70269.71265306123,0.245,0.0,17216.0796,0.0
1770679688304,2026-02-09 23:28:08.304000,ETHUSDT,0,0.0,,0.0,0.0,0.0,0.0
1770679689310,2026-02-09 23:28:09.310000,BTCUSDT,0,0.0,,0.0,0.0,0.0,0.0
1770679689310,2026-02-09 23:28:09.310000,ETHUSDT,0,0.0,,0.0,0.0,0.0,0.0
1770679690315,2026-02-09 23:28:10.315000,BTCUSDT,0,0.0,,0.0,0.0,0.0,0.0
1770679690315,2026-02-09 23:28:10.315000,ETHUSDT,0,0.0,,0.0,0.0,0.0,0.0
1770679691320,2026-02-09 23:28:11.320000,BTCUSDT,0,0.0,,0.0,0.0,0.0,0.0
1770679691320,2026-02-09 23:28:11.320000,ETHUSDT,0,0.0,,0.0,0.0,0.0,0.0
1770679692326,2026-02-09 23:28:12.326000,BTCUSDT,0,0.0,,0.0,0.0,0.0,0.0
1770679692326,2026-02-09 23:28:12.326000,ETHUSDT,1,0.004,2107.2,0.0,0.004,0.0,8.428799999999999
1770679693331,2026-02-09 23:28:13.331000,BTCUSDT,1,0.11,70272.6,0.11,0.0,7729.986000000001,0.0
1770679693331,2026-02-09 23:28:13.331000,ETHUSDT,1,8.026,2107.2,0.0,8.026,0.0,16912.387199999997
1770679694338,2026-02-09 23:28:14.338000,BTCUSDT,1,0.119,70272.6,0.119,0.0,8362.439400000001,0.0
1770679694338,2026-02-09 23:28:14.338000,ETHUSDT,0,0.0,,0.0,0.0,0.0,0.0
1770679695344,2026-02-09 23:28:15.344000,BTCUSDT,0,0.0,,0.0,0.0,0.0,0.0
1770679695344,2026-02-09 23:28:15.344000,ETHUSDT,0,0.0,,0.0,0.0,0.0,0.0
1770679696345,2026-02-09 23:28:16.345000,BTCUSDT,1,0.244,70281.8,0.0,0.244,0.0,17148.7592
1770679696345,2026-02-09 23:28:16.345000,ETHUSDT,2,6.241,2107.549839769268,6.241,0.0,13153.218550000001,0.0
1770679697348,2026-02-09 23:28:17.348000,BTCUSDT,0,0.0,,0.0,0.0,0.0,0.0
1770679697348,2026-02-09 23:28:17.348000,ETHUSDT,0,0.0,,0.0,0.0,0.0,0.0
1770679698350,2026-02-09 23:28:18.350000,BTCUSDT,0,0.0,,0.0,0.0,0.0,0.0
1770679698350,2026-02-09 23:28:18.350000,ETHUSDT,0,0.0,,0.0,0.0,0.0,0.0
1770679699353,2026-02-09 23:28:19.353000,BTCUSDT,1,0.081,70281.8,0.081,0.0,5692.8258000000005,0.0
1770679699353,2026-02-09 23:28:19.353000,ETHUSDT,0,0.0,,0.0,0.0,0.0,0.0
1770679700356,2026-02-09 23:28:20.356000,BTCUSDT,0,0.0,,0.0,0.0,0.0,0.0
1770679700356,2026-02-09 23:28:20.356000,ETHUSDT,0,0.0,,0.0,0.0,0.0,0.0
1770679701362,2026-02-09 23:28:21.362000,BTCUSDT,0,0.0,,0.0,0.0,0.0,0.0
1770679701362,2026-02-09 23:28:21.362000,ETHUSDT,0,0.0,,0.0,0.0,0.0,0.0
1770679702367,2026-02-09 23:28:22.367000,BTCUSDT,0,0.0,,0.0,0.0,0.0,0.0
1770679702367,2026-02-09 23:28:22.367000,ETHUSDT,0,0.0,,0.0,0.0,0.0,0.0
1770679703370,2026-02-09 23:28:23.370000,BTCUSDT,1,0.165,70276.0,0.0,0.165,0.0,11595.54
1770679703370,2026-02-09 23:28:23.370000,ETHUSDT,0,0.0,,0.0,0.0,0.0,0.0
1770679704376,2026-02-09 23:28:24.376000,BTCUSDT,0,0.0,,0.0,0.0,0.0,0.0
1770679704376,2026-02-09 23:28:24.376000,ETHUSDT,1,3.198,2107.45,0.0,3.198,0.0,6739.625099999999
1770679705382,2026-02-09 23:28:25.382000,BTCUSDT,0,0.0,,0.0,0.0,0.0,0.0
1770679705382,2026-02-09 23:28:25.382000,ETHUSDT,0,0.0,,0.0,0.0,0.0,0.0
1770679706385,2026-02-09 23:28:26.385000,BTCUSDT,1,0.132,70277.5,0.132,0.0,9276.630000000001,0.0
1770679706385,2026-02-09 23:28:26.385000,ETHUSDT,1,4.619,2107.4,0.0,4.619,0.0,9734.0806
1770679707390,2026-02-09 23:28:27.390000,BTCUSDT,0,0.0,,0.0,0.0,0.0,0.0
1770679707390,2026-02-09 23:28:27.390000,ETHUSDT,1,0.004,2107.1,0.0,0.004,0.0,8.4284
1770679708395,2026-02-09 23:28:28.395000,BTCUSDT,0,0.0,,0.0,0.0,0.0,0.0
1770679708395,2026-02-09 23:28:28.395000,ETHUSDT,0,0.0,,0.0,0.0,0.0,0.0
1770679709397,2026-02-09 23:28:29.397000,BTCUSDT,0,0.0,,0.0,0.0,0.0,0.0
1770679709397,2026-02-09 23:28:29.397000,ETHUSDT,1,0.582,2107.2,0.582,0.0,1226.3903999999998,0.0
1770679710402,2026-02-09 23:28:30.402000,BTCUSDT,1,0.11,70277.5,0.0,0.11,0.0,7730.525
1770679710402,2026-02-09 23:28:30.402000,ETHUSDT,0,0.0,,0.0,0.0,0.0,0.0
1770679711405,2026-02-09 23:28:31.405000,BTCUSDT,0,0.0,,0.0,0.0,0.0,0.0
1770679711405,2026-02-09 23:28:31.405000,ETHUSDT,3,4.7620000000000005,2107.2447711045775,0.0,4.7620000000000005,0.0,10034.6996
1770679712406,2026-02-09 23:28:32.406000,BTCUSDT,1,0.061,70277.5,0.061,0.0,4286.9275,0.0
1770679712406,2026-02-09 23:28:32.406000,ETHUSDT,1,0.004,2107.2,0.0,0.004,0.0,8.428799999999999
1770679713410,2026-02-09 23:28:33.410000,BTCUSDT,1,0.11,70277.5,0.11,0.0,7730.525,0.0
1770679713410,2026-02-09 23:28:33.410000,ETHUSDT,0,0.0,,0.0,0.0,0.0,0.0
1770679714416,2026-02-09 23:28:34.416000,BTCUSDT,0,0.0,,0.0,0.0,0.0,0.0
1770679714416,2026-02-09 23:28:34.416000,ETHUSDT,0,0.0,,0.0,0.0,0.0,0.0
1770679715419,2026-02-09 23:28:35.419000,BTCUSDT,1,0.162,70277.5,0.0,0.162,0.0,11384.955
1770679715419,2026-02-09 23:28:35.419000,ETHUSDT,0,0.0,,0.0,0.0,0.0,0.0
1770679716424,2026-02-09 23:28:36.424000,BTCUSDT,1,0.028,70269.8,0.028,0.0,1967.5544000000002,0.0
1770679716424,2026-02-09 23:28:36.424000,ETHUSDT,0,0.0,,0.0,0.0,0.0,0.0
1770679717429,2026-02-09 23:28:37.429000,BTCUSDT,0,0.0,,0.0,0.0,0.0,0.0
1770679717429,2026-02-09 23:28:37.429000,ETHUSDT,1,4.442,2107.2,0.0,4.442,0.0,9360.1824
1770679718436,2026-02-09 23:28:38.436000,BTCUSDT,1,0.074,70269.7,0.074,0.0,5199.957799999999,0.0
1770679718436,2026-02-09 23:28:38.436000,ETHUSDT,0,0.0,,0.0,0.0,0.0,0.0
1770679719442,2026-02-09 23:28:39.442000,BTCUSDT,1,0.082,70269.7,0.082,0.0,5762.1154,0.0
1770679719442,2026-02-09 23:28:39.442000,ETHUSDT,0,0.0,,0.0,0.0,0.0,0.0
1770679720447,2026-02-09 23:28:40.447000,BTCUSDT,0,0.0,,0.0,0.0,0.0,0.0
1770679720447,2026-02-09 23:28:40.447000,ETHUSDT,1,4.82,2107.2,4.82,0.0,10156.704,0.0
1770679721449,2026-02-09 23:28:41.449000,BTCUSDT,0,0.0,,0.0,0.0,0.0,0.0
1770679721449,2026-02-09 23:28:41.449000,ETHUSDT,0,0.0,,0.0,0.0,0.0,0.0
1770679722450,2026-02-09 23:28:42.450000,BTCUSDT,0,0.0,,0.0,0.0,0.0,0.0
1770679722450,2026-02-09 23:28:42.450000,ETHUSDT,1,0.004,2107.2,0.0,0.004,0.0,8.428799999999999
1770679723456,2026-02-09 23:28:43.456000,BTCUSDT,1,0.154,70276.4,0.154,0.0,10822.565599999998,0.0
1770679723456,2026-02-09 23:28:43.456000,ETHUSDT,0,0.0,,0.0,0.0,0.0,0.0
1770679724459,2026-02-09 23:28:44.459000,BTCUSDT,0,0.0,,0.0,0.0,0.0,0.0
1770679724459,2026-02-09 23:28:44.459000,ETHUSDT,1,5.255,2107.2,0.0,5.255,0.0,11073.336
1770679725464,2026-02-09 23:28:45.464000,BTCUSDT,0,0.0,,0.0,0.0,0.0,0.0
1770679725464,2026-02-09 23:28:45.464000,ETHUSDT,0,0.0,,0.0,0.0,0.0,0.0
1770679726467,2026-02-09 23:28:46.467000,BTCUSDT,1,0.055,70276.4,0.0,0.055,0.0,3865.2019999999998
1770679726467,2026-02-09 23:28:46.467000,ETHUSDT,0,0.0,,0.0,0.0,0.0,0.0
1770679727468,2026-02-09 23:28:47.468000,BTCUSDT,1,0.061,70263.1,0.061,0.0,4286.0491,0.0
1770679727468,2026-02-09 23:28:47.468000,ETHUSDT,1,0.004,2106.9,0.0,0.004,0.0,8.4276
1770679728470,2026-02-09 23:28:48.470000,BTCUSDT,1,0.1,70263.1,0.0,0.1,0.0,7026.310000000001
1770679728470,2026-02-09 23:28:48.470000,ETHUSDT,1,0.2,2107.0,0.2,0.0,421.40000000000003,0.0
1770679729476,2026-02-09 23:28:49.476000,BTCUSDT,0,0.0,,0.0,0.0,0.0,0.0
1770679729476,2026-02-09 23:28:49.476000,ETHUSDT,0,0.0,,0.0,0.0,0.0,0.0
1770679730484,2026-02-09 23:28:50.484000,BTCUSDT,1,0.104,70263.1,0.104,0.0,7307.3624,0.0
1770679730484,2026-02-09 23:28:50.484000,ETHUSDT,1,2.113,2107.15,0.0,2.113,0.0,4452.40795
1770679731489,2026-02-09 23:28:51.489000,BTCUSDT,0,0.0,,0.0,0.0,0.0,0.0
1770679731489,2026-02-09 23:28:51.489000,ETHUSDT,0,0.0,,0.0,0.0,0.0,0.0
1770679732494,2026-02-09 23:28:52.494000,BTCUSDT,1,0.098,70264.2,0.0,0.098,0.0,6885.8916
1770679732494,2026-02-09 23:28:52.494000,ETHUSDT,2,0.963,2107.1,0.959,0.004,2020.7088999999999,8.4284
1770679733501,2026-02-09 23:28:53.501000,BTCUSDT,0,0.0,,0.0,0.0,0.0,0.0
1770679733501,2026-02-09 23:28:53.501000,ETHUSDT,1,1.218,2107.1,1.218,0.0,2566.4478,0.0
1770679734506,2026-02-09 23:28:54.506000,BTCUSDT,1,0.101,70264.2,0.101,0.0,7096.684200000001,0.0
1770679734506,2026-02-09 23:28:54.506000,ETHUSDT,0,0.0,,0.0,0.0,0.0,0.0
1770679735511,2026-02-09 23:28:55.511000,BTCUSDT,0,0.0,,0.0,0.0,0.0,0.0
1770679735511,2026-02-09 23:28:55.511000,ETHUSDT,3,2.592,2107.1,0.033,2.559,69.5343,5392.0689
1770679736514,2026-02-09 23:28:56.514000,BTCUSDT,1,0.054,70264.2,0.0,0.054,0.0,3794.2668
1770679736514,2026-02-09 23:28:56.514000,ETHUSDT,0,0.0,,0.0,0.0,0.0,0.0
1770679737520,2026-02-09 23:28:57.520000,BTCUSDT,1,0.001,70264.2,0.0,0.001,0.0,70.2642
1770679737520,2026-02-09 23:28:57.520000,ETHUSDT,2,0.011,2106.9636363636364,0.0,0.011,0.0,23.1766
1770679738525,2026-02-09 23:28:58.525000,BTCUSDT,0,0.0,,0.0,0.0,0.0,0.0
1770679738525,2026-02-09 23:28:58.525000,ETHUSDT,1,2.536,2106.75,2.536,0.0,5342.718,0.0
1770679739526,2026-02-09 23:28:59.526000,BTCUSDT,1,0.06,70257.4,0.06,0.0,4215.4439999999995,0.0
1770679739526,2026-02-09 23:28:59.526000,ETHUSDT,1,0.474,2106.7,0.0,0.474,0.0,998.5757999999998
1770679740532,2026-02-09 23:29:00.532000,BTCUSDT,1,0.053,70267.9,0.053,0.0,3724.1986999999995,0.0
1770679740532,2026-02-09 23:29:00.532000,ETHUSDT,0,0.0,,0.0,0.0,0.0,0.0
1770679741534,2026-02-09 23:29:01.534000,BTCUSDT,1,0.051,70267.9,0.0,0.051,0.0,3583.6628999999994
1770679741534,2026-02-09 23:29:01.534000,ETHUSDT,0,0.0,,0.0,0.0,0.0,0.0
1770679742539,2026-02-09 23:29:02.539000,BTCUSDT,1,0.095,70279.7,0.095,0.0,6676.5715,0.0
1770679742539,2026-02-09 23:29:02.539000,ETHUSDT,2,2.24,2107.3491964285713,0.004,2.236,8.4276,4712.0346
1770679743543,2026-02-09 23:29:03.543000,BTCUSDT,0,0.0,,0.0,0.0,0.0,0.0
1770679743543,2026-02-09 23:29:03.543000,ETHUSDT,0,0.0,,0.0,0.0,0.0,0.0
1770679744547,2026-02-09 23:29:04.547000,BTCUSDT,2,0.087,70279.7011494253,0.001,0.086,70.27980000000001,6044.0542
1770679744547,2026-02-09 23:29:04.547000,ETHUSDT,1,1.168,2107.4,1.168,0.0,2461.4432,0.0
1770679745552,2026-02-09 23:29:05.552000,BTCUSDT,0,0.0,,0.0,0.0,0.0,0.0
1770679745552,2026-02-09 23:29:05.552000,ETHUSDT,0,0.0,,0.0,0.0,0.0,0.0
1770679746555,2026-02-09 23:29:06.555000,BTCUSDT,1,0.078,70279.7,0.0,0.078,0.0,5481.8166
1770679746555,2026-02-09 23:29:06.555000,ETHUSDT,1,2.724,2107.75,2.724,0.0,5741.511,0.0
1770679747561,2026-02-09 23:29:07.561000,BTCUSDT,0,0.0,,0.0,0.0,0.0,0.0
1770679747561,2026-02-09 23:29:07.561000,ETHUSDT,1,0.004,2107.5,0.0,0.004,0.0,8.43
1770679748564,2026-02-09 23:29:08.564000,BTCUSDT,1,0.11,70273.9,0.11,0.0,7730.128999999999,0.0
1770679748564,2026-02-09 23:29:08.564000,ETHUSDT,0,0.0,,0.0,0.0,0.0,0.0
1770679749568,2026-02-09 23:29:09.568000,BTCUSDT,0,0.0,,0.0,0.0,0.0,0.0
1770679749568,2026-02-09 23:29:09.568000,ETHUSDT,1,2.136,2107.5,0.0,2.136,0.0,4501.62
1770679750573,2026-02-09 23:29:10.573000,BTCUSDT,1,0.069,70273.9,0.0,0.069,0.0,4848.8991
1770679750573,2026-02-09 23:29:10.573000,ETHUSDT,0,0.0,,0.0,0.0,0.0,0.0
1770679751579,2026-02-09 23:29:11.579000,BTCUSDT,0,0.0,,0.0,0.0,0.0,0.0
1770679751579,2026-02-09 23:29:11.579000,ETHUSDT,1,0.004,2107.6,0.004,0.0,8.4304,0.0
1770679752583,2026-02-09 23:29:12.583000,BTCUSDT,1,0.109,70283.5,0.109,0.0,7660.9015,0.0
1770679752583,2026-02-09 23:29:12.583000,ETHUSDT,0,0.0,,0.0,0.0,0.0,0.0
1770679753586,2026-02-09 23:29:13.586000,BTCUSDT,0,0.0,,0.0,0.0,0.0,0.0
1770679753586,2026-02-09 23:29:13.586000,ETHUSDT,0,0.0,,0.0,0.0,0.0,0.0
1770679754589,2026-02-09 23:29:14.589000,BTCUSDT,1,0.09,70282.2,0.0,0.09,0.0,6325.397999999999
1770679754589,2026-02-09 23:29:14.589000,ETHUSDT,1,1.891,2107.75,0.0,1.891,0.0,3985.75525
1770679755594,2026-02-09 23:29:15.594000,BTCUSDT,0,0.0,,0.0,0.0,0.0,0.0
1770679755594,2026-02-09 23:29:15.594000,ETHUSDT,0,0.0,,0.0,0.0,0.0,0.0
1770679756596,2026-02-09 23:29:16.596000,BTCUSDT,1,0.06,70282.2,0.06,0.0,4216.932,0.0
1770679756596,2026-02-09 23:29:16.596000,ETHUSDT,1,3.26,2107.75,0.0,3.26,0.0,6871.264999999999
1770679757600,2026-02-09 23:29:17.600000,BTCUSDT,0,0.0,,0.0,0.0,0.0,0.0
1770679757600,2026-02-09 23:29:17.600000,ETHUSDT,1,0.004,2107.7,0.0,0.004,0.0,8.4308
1770679758603,2026-02-09 23:29:18.603000,BTCUSDT,1,0.137,70268.7,0.0,0.137,0.0,9626.8119
1770679758603,2026-02-09 23:29:18.603000,ETHUSDT,1,0.2,2107.4,0.2,0.0,421.48,0.0
1770679759609,2026-02-09 23:29:19.609000,BTCUSDT,1,0.004,70252.6,0.004,0.0,281.0104,0.0
1770679759609,2026-02-09 23:29:19.609000,ETHUSDT,0,0.0,,0.0,0.0,0.0,0.0
1770679760615,2026-02-09 23:29:20.615000,BTCUSDT,1,0.775,70244.5,0.775,0.0,54439.4875,0.0
1770679760615,2026-02-09 23:29:20.615000,ETHUSDT,1,5.351,2106.45,5.351,0.0,11271.613949999999,0.0
1770679761620,2026-02-09 23:29:21.620000,BTCUSDT,1,0.106,70244.4,0.106,0.0,7445.906399999999,0.0
1770679761620,2026-02-09 23:29:21.620000,ETHUSDT,0,0.0,,0.0,0.0,0.0,0.0
1770679762623,2026-02-09 23:29:22.623000,BTCUSDT,0,0.0,,0.0,0.0,0.0,0.0
1770679762623,2026-02-09 23:29:22.623000,ETHUSDT,1,0.004,2105.9,0.0,0.004,0.0,8.4236
1770679763629,2026-02-09 23:29:23.629000,BTCUSDT,1,0.136,70238.6,0.0,0.136,0.0,9552.449600000002
1770679763629,2026-02-09 23:29:23.629000,ETHUSDT,0,0.0,,0.0,0.0,0.0,0.0
1770679764635,2026-02-09 23:29:24.635000,BTCUSDT,0,0.0,,0.0,0.0,0.0,0.0
1770679764635,2026-02-09 23:29:24.635000,ETHUSDT,0,0.0,,0.0,0.0,0.0,0.0
1770679765639,2026-02-09 23:29:25.639000,BTCUSDT,1,0.168,70251.8,0.168,0.0,11802.3024,0.0
1770679765639,2026-02-09 23:29:25.639000,ETHUSDT,0,0.0,,0.0,0.0,0.0,0.0
1770679766642,2026-02-09 23:29:26.642000,BTCUSDT,0,0.0,,0.0,0.0,0.0,0.0
1770679766642,2026-02-09 23:29:26.642000,ETHUSDT,2,6.621,2106.34642048029,6.147,0.474,12947.73345,998.3862
1770679767645,2026-02-09 23:29:27.645000,BTCUSDT,0,0.0,,0.0,0.0,0.0,0.0
1770679767645,2026-02-09 23:29:27.645000,ETHUSDT,0,0.0,,0.0,0.0,0.0,0.0
1770679768648,2026-02-09 23:29:28.648000,BTCUSDT,1,0.223,70234.8,0.0,0.223,0.0,15662.360400000001
1770679768648,2026-02-09 23:29:28.648000,ETHUSDT,0,0.0,,0.0,0.0,0.0,0.0
1770679769654,2026-02-09 23:29:29.654000,BTCUSDT,0,0.0,,0.0,0.0,0.0,0.0
1770679769654,2026-02-09 23:29:29.654000,ETHUSDT,0,0.0,,0.0,0.0,0.0,0.0
1770679770660,2026-02-09 23:29:30.660000,BTCUSDT,0,0.0,,0.0,0.0,0.0,0.0
1770679770660,2026-02-09 23:29:30.660000,ETHUSDT,1,6.912,2106.45,0.0,6.912,0.0,14559.782399999998
1770679771666,2026-02-09 23:29:31.666000,BTCUSDT,2,0.13,70230.22153846153,0.13,0.0,9129.9288,0.0
1770679771666,2026-02-09 23:29:31.666000,ETHUSDT,0,0.0,,0.0,0.0,0.0,0.0
1770679772672,2026-02-09 23:29:32.672000,BTCUSDT,0,0.0,,0.0,0.0,0.0,0.0
1770679772672,2026-02-09 23:29:32.672000,ETHUSDT,1,0.004,2106.2,0.0,0.004,0.0,8.4248
1770679773676,2026-02-09 23:29:33.676000,BTCUSDT,0,0.0,,0.0,0.0,0.0,0.0
1770679773676,2026-02-09 23:29:33.676000,ETHUSDT,0,0.0,,0.0,0.0,0.0,0.0
1770679774681,2026-02-09 23:29:34.681000,BTCUSDT,1,0.168,70229.8,0.0,0.168,0.0,11798.6064
1770679774681,2026-02-09 23:29:34.681000,ETHUSDT,1,2.302,2106.75,2.302,0.0,4849.7385,0.0
1770679775684,2026-02-09 23:29:35.684000,BTCUSDT,0,0.0,,0.0,0.0,0.0,0.0
1770679775684,2026-02-09 23:29:35.684000,ETHUSDT,1,7.044,2106.75,7.044,0.0,14839.946999999998,0.0
1770679776690,2026-02-09 23:29:36.690000,BTCUSDT,2,0.131,70232.6786259542,0.131,0.0,9200.4809,0.0
1770679776690,2026-02-09 23:29:36.690000,ETHUSDT,1,0.004,2106.8,0.004,0.0,8.427200000000001,0.0
1770679777695,2026-02-09 23:29:37.695000,BTCUSDT,1,0.033,70237.5,0.033,0.0,2317.8375,0.0
1770679777695,2026-02-09 23:29:37.695000,ETHUSDT,0,0.0,,0.0,0.0,0.0,0.0
1770679778698,2026-02-09 23:29:38.698000,BTCUSDT,1,0.113,70239.6,0.0,0.113,0.0,7937.074800000001
1770679778698,2026-02-09 23:29:38.698000,ETHUSDT,0,0.0,,0.0,0.0,0.0,0.0
1770679779704,2026-02-09 23:29:39.704000,BTCUSDT,1,0.143,70243.6,0.143,0.0,10044.8348,0.0
1770679779704,2026-02-09 23:29:39.704000,ETHUSDT,1,6.867,2107.15,0.0,6.867,0.0,14469.799050000001
1770679780722,2026-02-09 23:29:40.722000,BTCUSDT,1,0.342,70246.3,0.0,0.342,0.0,24024.234600000003
1770679780722,2026-02-09 23:29:40.722000,ETHUSDT,0,0.0,,0.0,0.0,0.0,0.0
1770679781727,2026-02-09 23:29:41.727000,BTCUSDT,0,0.0,,0.0,0.0,0.0,0.0
1770679781727,2026-02-09 23:29:41.727000,ETHUSDT,0,0.0,,0.0,0.0,0.0,0.0
1770679782731,2026-02-09 23:29:42.731000,BTCUSDT,0,0.0,,0.0,0.0,0.0,0.0
1770679782731,2026-02-09 23:29:42.731000,ETHUSDT,2,4.8629999999999995,2106.9501233806295,4.859,0.004,10237.670049999999,8.4284
1770679783738,2026-02-09 23:29:43.738000,BTCUSDT,1,0.24,70246.3,0.24,0.0,16859.112,0.0
1770679783738,2026-02-09 23:29:43.738000,ETHUSDT,0,0.0,,0.0,0.0,0.0,0.0
1770679784741,2026-02-09 23:29:44.741000,BTCUSDT,0,0.0,,0.0,0.0,0.0,0.0
1770679784741,2026-02-09 23:29:44.741000,ETHUSDT,0,0.0,,0.0,0.0,0.0,0.0
1770679785746,2026-02-09 23:29:45.746000,BTCUSDT,1,0.236,70246.3,0.236,0.0,16578.1268,0.0
1770679785746,2026-02-09 23:29:45.746000,ETHUSDT,2,3.35,2106.8500597014922,0.004,3.346,8.4276,7049.5201
1770679786748,2026-02-09 23:29:46.748000,BTCUSDT,0,0.0,,0.0,0.0,0.0,0.0
1770679786748,2026-02-09 23:29:46.748000,ETHUSDT,1,6.182,2107.65,0.0,6.182,0.0,13029.492300000002
1770679787753,2026-02-09 23:29:47.753000,BTCUSDT,1,0.167,70246.3,0.0,0.167,0.0,11731.1321
1770679787753,2026-02-09 23:29:47.753000,ETHUSDT,0,0.0,,0.0,0.0,0.0,0.0
1770679788760,2026-02-09 23:29:48.760000,BTCUSDT,0,0.0,,0.0,0.0,0.0,0.0
1770679788760,2026-02-09 23:29:48.760000,ETHUSDT,0,0.0,,0.0,0.0,0.0,0.0
1770679789764,2026-02-09 23:29:49.764000,BTCUSDT,1,0.327,70252.5,0.327,0.0,22972.5675,0.0
1770679789764,2026-02-09 23:29:49.764000,ETHUSDT,1,8.132,2108.15,8.132,0.0,17143.4758,0.0
1770679790770,2026-02-09 23:29:50.770000,BTCUSDT,0,0.0,,0.0,0.0,0.0,0.0
1770679790770,2026-02-09 23:29:50.770000,ETHUSDT,0,0.0,,0.0,0.0,0.0,0.0
1770679791776,2026-02-09 23:29:51.776000,BTCUSDT,1,0.298,70258.4,0.0,0.298,0.0,20937.003199999996
1770679791776,2026-02-09 23:29:51.776000,ETHUSDT,0,0.0,,0.0,0.0,0.0,0.0
1770679792781,2026-02-09 23:29:52.781000,BTCUSDT,0,0.0,,0.0,0.0,0.0,0.0
1770679792781,2026-02-09 23:29:52.781000,ETHUSDT,1,0.004,2107.9,0.0,0.004,0.0,8.431600000000001
1770679793786,2026-02-09 23:29:53.786000,BTCUSDT,0,0.0,,0.0,0.0,0.0,0.0
1770679793786,2026-02-09 23:29:53.786000,ETHUSDT,1,4.865,2107.95,0.0,4.865,0.0,10255.176749999999
1770679794787,2026-02-09 23:29:54.787000,BTCUSDT,2,0.184,70264.72880434783,0.027,0.157,1896.9795,11031.7306
1770679794787,2026-02-09 23:29:54.787000,ETHUSDT,1,0.456,2108.7,0.0,0.456,0.0,961.5672
1770679795793,2026-02-09 23:29:55.793000,BTCUSDT,1,0.343,70260.9,0.343,0.0,24099.4887,0.0
1770679795793,2026-02-09 23:29:55.793000,ETHUSDT,1,4.003,2108.75,4.003,0.0,8441.32625,0.0
1770679796799,2026-02-09 23:29:56.799000,BTCUSDT,0,0.0,,0.0,0.0,0.0,0.0
1770679796799,2026-02-09 23:29:56.799000,ETHUSDT,0,0.0,,0.0,0.0,0.0,0.0
1770679797805,2026-02-09 23:29:57.805000,BTCUSDT,0,0.0,,0.0,0.0,0.0,0.0
1770679797805,2026-02-09 23:29:57.805000,ETHUSDT,1,0.004,2108.2,0.0,0.004,0.0,8.4328
1770679798810,2026-02-09 23:29:58.810000,BTCUSDT,1,0.144,70258.9,0.0,0.144,0.0,10117.281599999998
1770679798810,2026-02-09 23:29:58.810000,ETHUSDT,0,0.0,,0.0,0.0,0.0,0.0
1770679799817,2026-02-09 23:29:59.817000,BTCUSDT,2,0.029,70255.85517241378,0.029,0.0,2037.4198,0.0
1770679799817,2026-02-09 23:29:59.817000,ETHUSDT,0,0.0,,0.0,0.0,0.0,0.0
1770679800820,2026-02-09 23:30:00.820000,BTCUSDT,0,0.0,,0.0,0.0,0.0,0.0
1770679800820,2026-02-09 23:30:00.820000,ETHUSDT,1,7.53,2107.65,7.53,0.0,15870.604500000001,0.0
1770679801827,2026-02-09 23:30:01.827000,BTCUSDT,0,0.0,,0.0,0.0,0.0,0.0
1770679801827,2026-02-09 23:30:01.827000,ETHUSDT,0,0.0,,0.0,0.0,0.0,0.0
1770679802834,2026-02-09 23:30:02.834000,BTCUSDT,0,0.0,,0.0,0.0,0.0,0.0
1770679802834,2026-02-09 23:30:02.834000,ETHUSDT,0,0.0,,0.0,0.0,0.0,0.0
1770679803839,2026-02-09 23:30:03.839000,BTCUSDT,0,0.0,,0.0,0.0,0.0,0.0
1770679803839,2026-02-09 23:30:03.839000,ETHUSDT,0,0.0,,0.0,0.0,0.0,0.0
1770679804841,2026-02-09 23:30:04.841000,BTCUSDT,0,0.0,,0.0,0.0,0.0,0.0
1770679804841,2026-02-09 23:30:04.841000,ETHUSDT,2,4.678,2108.4689290294996,4.678,0.0,9863.41765,0.0
1770679805845,2026-02-09 23:30:05.845000,BTCUSDT,1,0.182,70247.8,0.182,0.0,12785.0996,0.0
1770679805845,2026-02-09 23:30:05.845000,ETHUSDT,0,0.0,,0.0,0.0,0.0,0.0
1770679806849,2026-02-09 23:30:06.849000,BTCUSDT,0,0.0,,0.0,0.0,0.0,0.0
1770679806849,2026-02-09 23:30:06.849000,ETHUSDT,0,0.0,,0.0,0.0,0.0,0.0
1770679807855,2026-02-09 23:30:07.855000,BTCUSDT,0,0.0,,0.0,0.0,0.0,0.0
1770679807855,2026-02-09 23:30:07.855000,ETHUSDT,2,9.0,2108.750555555556,0.1,8.9,210.88000000000002,18767.875
1770679808861,2026-02-09 23:30:08.861000,BTCUSDT,1,0.185,70262.4,0.185,0.0,12998.543999999998,0.0
1770679808861,2026-02-09 23:30:08.861000,ETHUSDT,0,0.0,,0.0,0.0,0.0,0.0
1770679809866,2026-02-09 23:30:09.866000,BTCUSDT,0,0.0,,0.0,0.0,0.0,0.0
1770679809866,2026-02-09 23:30:09.866000,ETHUSDT,0,0.0,,0.0,0.0,0.0,0.0
1770679810869,2026-02-09 23:30:10.869000,BTCUSDT,0,0.0,,0.0,0.0,0.0,0.0
1770679810869,2026-02-09 23:30:10.869000,ETHUSDT,3,4.692,2108.7498508098893,4.692,0.0,9894.2543,0.0
1770679811872,2026-02-09 23:30:11.872000,BTCUSDT,0,0.0,,0.0,0.0,0.0,0.0
1770679811872,2026-02-09 23:30:11.872000,ETHUSDT,0,0.0,,0.0,0.0,0.0,0.0
1770679812878,2026-02-09 23:30:12.878000,BTCUSDT,1,0.256,70262.4,0.0,0.256,0.0,17987.1744
1770679812878,2026-02-09 23:30:12.878000,ETHUSDT,1,5.534,2108.8,5.534,0.0,11670.0992,0.0
1770679813882,2026-02-09 23:30:13.882000,BTCUSDT,0,0.0,,0.0,0.0,0.0,0.0
1770679813882,2026-02-09 23:30:13.882000,ETHUSDT,0,0.0,,0.0,0.0,0.0,0.0
1770679814888,2026-02-09 23:30:14.888000,BTCUSDT,1,0.333,70262.4,0.0,0.333,0.0,23397.3792
1770679814888,2026-02-09 23:30:14.888000,ETHUSDT,1,4.499,2108.55,0.0,4.499,0.0,9486.36645
1770679815894,2026-02-09 23:30:15.894000,BTCUSDT,0,0.0,,0.0,0.0,0.0,0.0
1770679815894,2026-02-09 23:30:15.894000,ETHUSDT,0,0.0,,0.0,0.0,0.0,0.0
1770679816900,2026-02-09 23:30:16.900000,BTCUSDT,3,0.363,70260.19228650138,0.362,0.001,25434.1874,70.2624
1770679816900,2026-02-09 23:30:16.900000,ETHUSDT,1,9.687,2108.45,9.687,0.0,20424.555149999997,0.0
1770679817906,2026-02-09 23:30:17.906000,BTCUSDT,0,0.0,,0.0,0.0,0.0,0.0
1770679817906,2026-02-09 23:30:17.906000,ETHUSDT,1,0.004,2108.4,0.0,0.004,0.0,8.4336
1770679818912,2026-02-09 23:30:18.912000,BTCUSDT,4,0.312,70256.12692307691,0.0,0.312,0.0,21919.911599999996
1770679818912,2026-02-09 23:30:18.912000,ETHUSDT,0,0.0,,0.0,0.0,0.0,0.0
1770679819918,2026-02-09 23:30:19.918000,BTCUSDT,0,0.0,,0.0,0.0,0.0,0.0
1770679819918,2026-02-09 23:30:19.918000,ETHUSDT,0,0.0,,0.0,0.0,0.0,0.0
1770679820924,2026-02-09 23:30:20.924000,BTCUSDT,1,0.339,70254.9,0.339,0.0,23816.4111,0.0
1770679820924,2026-02-09 23:30:20.924000,ETHUSDT,1,7.58,2107.25,0.0,7.58,0.0,15972.955
1770679821926,2026-02-09 23:30:21.926000,BTCUSDT,0,0.0,,0.0,0.0,0.0,0.0
1770679821926,2026-02-09 23:30:21.926000,ETHUSDT,0,0.0,,0.0,0.0,0.0,0.0
1770679822930,2026-02-09 23:30:22.930000,BTCUSDT,0,0.0,,0.0,0.0,0.0,0.0
1770679822930,2026-02-09 23:30:22.930000,ETHUSDT,1,0.004,2106.3,0.0,0.004,0.0,8.4252
1770679823936,2026-02-09 23:30:23.936000,BTCUSDT,0,0.0,,0.0,0.0,0.0,0.0
1770679823936,2026-02-09 23:30:23.936000,ETHUSDT,4,7.838,2106.4718040316407,0.0,7.838,0.0,16510.525999999998
1770679824942,2026-02-09 23:30:24.942000,BTCUSDT,0,0.0,,0.0,0.0,0.0,0.0
1770679824942,2026-02-09 23:30:24.942000,ETHUSDT,0,0.0,,0.0,0.0,0.0,0.0
1770679825947,2026-02-09 23:30:25.947000,BTCUSDT,0,0.0,,0.0,0.0,0.0,0.0
1770679825947,2026-02-09 23:30:25.947000,ETHUSDT,0,0.0,,0.0,0.0,0.0,0.0
1770679826953,2026-02-09 23:30:26.953000,BTCUSDT,1,0.22,70236.4,0.22,0.0,15452.007999999998,0.0
1770679826953,2026-02-09 23:30:26.953000,ETHUSDT,1,8.619,2106.4,8.619,0.0,18155.0616,0.0
1770679827959,2026-02-09 23:30:27.959000,BTCUSDT,2,0.13,70236.49999999999,0.13,0.0,9130.744999999999,0.0
1770679827959,2026-02-09 23:30:27.959000,ETHUSDT,1,0.004,2106.4,0.0,0.004,0.0,8.425600000000001
1770679828965,2026-02-09 23:30:28.965000,BTCUSDT,1,0.009,70236.5,0.009,0.0,632.1284999999999,0.0
1770679828965,2026-02-09 23:30:28.965000,ETHUSDT,0,0.0,,0.0,0.0,0.0,0.0
1770679829972,2026-02-09 23:30:29.972000,BTCUSDT,1,0.346,70236.4,0.0,0.346,0.0,24301.794399999995
1770679829972,2026-02-09 23:30:29.972000,ETHUSDT,1,6.509,2106.95,0.0,6.509,0.0,13714.13755
1770679830975,2026-02-09 23:30:30.975000,BTCUSDT,0,0.0,,0.0,0.0,0.0,0.0
1770679830975,2026-02-09 23:30:30.975000,ETHUSDT,0,0.0,,0.0,0.0,0.0,0.0
1770679831981,2026-02-09 23:30:31.981000,BTCUSDT,0,0.0,,0.0,0.0,0.0,0.0
1770679831981,2026-02-09 23:30:31.981000,ETHUSDT,0,0.0,,0.0,0.0,0.0,0.0
1770679832987,2026-02-09 23:30:32.987000,BTCUSDT,1,0.214,70246.9,0.214,0.0,15032.836599999999,0.0
1770679832987,2026-02-09 23:30:32.987000,ETHUSDT,2,9.024,2106.9499778368795,9.02,0.004,19004.689,8.4276
1770679833994,2026-02-09 23:30:33.994000,BTCUSDT,0,0.0,,0.0,0.0,0.0,0.0
1770679833994,2026-02-09 23:30:33.994000,ETHUSDT,0,0.0,,0.0,0.0,0.0,0.0
1770679834998,2026-02-09 23:30:34.998000,BTCUSDT,0,0.0,,0.0,0.0,0.0,0.0
1770679834998,2026-02-09 23:30:34.998000,ETHUSDT,0,0.0,,0.0,0.0,0.0,0.0
1770679836000,2026-02-09 23:30:36.000000,BTCUSDT,0,0.0,,0.0,0.0,0.0,0.0
1770679836000,2026-02-09 23:30:36.000000,ETHUSDT,0,0.0,,0.0,0.0,0.0,0.0
1770679837007,2026-02-09 23:30:37.007000,BTCUSDT,1,0.289,70229.8,0.0,0.289,0.0,20296.4122
1770679837007,2026-02-09 23:30:37.007000,ETHUSDT,0,0.0,,0.0,0.0,0.0,0.0
1770679838010,2026-02-09 23:30:38.010000,BTCUSDT,0,0.0,,0.0,0.0,0.0,0.0
1770679838010,2026-02-09 23:30:38.010000,ETHUSDT,2,4.63,2106.749956803456,0.0,4.63,0.0,9754.2523
1770679839016,2026-02-09 23:30:39.016000,BTCUSDT,0,0.0,,0.0,0.0,0.0,0.0
1770679839016,2026-02-09 23:30:39.016000,ETHUSDT,0,0.0,,0.0,0.0,0.0,0.0
1770679840021,2026-02-09 23:30:40.021000,BTCUSDT,0,0.0,,0.0,0.0,0.0,0.0
1770679840021,2026-02-09 23:30:40.021000,ETHUSDT,0,0.0,,0.0,0.0,0.0,0.0
1770679841026,2026-02-09 23:30:41.026000,BTCUSDT,1,0.155,70240.7,0.155,0.0,10887.3085,0.0
1770679841026,2026-02-09 23:30:41.026000,ETHUSDT,2,6.419,2107.1500311575014,0.004,6.415,8.428799999999999,13517.367250000001
1770679842031,2026-02-09 23:30:42.031000,BTCUSDT,0,0.0,,0.0,0.0,0.0,0.0
1770679842031,2026-02-09 23:30:42.031000,ETHUSDT,0,0.0,,0.0,0.0,0.0,0.0
1770679843035,2026-02-09 23:30:43.035000,BTCUSDT,1,0.144,70240.7,0.0,0.144,0.0,10114.6608
1770679843035,2026-02-09 23:30:43.035000,ETHUSDT,0,0.0,,0.0,0.0,0.0,0.0
1770679844042,2026-02-09 23:30:44.042000,BTCUSDT,0,0.0,,0.0,0.0,0.0,0.0
1770679844042,2026-02-09 23:30:44.042000,ETHUSDT,0,0.0,,0.0,0.0,0.0,0.0
1770679845046,2026-02-09 23:30:45.046000,BTCUSDT,0,0.0,,0.0,0.0,0.0,0.0
1770679845046,2026-02-09 23:30:45.046000,ETHUSDT,0,0.0,,0.0,0.0,0.0,0.0
1770679846051,2026-02-09 23:30:46.051000,BTCUSDT,2,0.161,70242.78074534162,0.0,0.161,0.0,11309.0877
1770679846051,2026-02-09 23:30:46.051000,ETHUSDT,0,0.0,,0.0,0.0,0.0,0.0
1770679847056,2026-02-09 23:30:47.056000,BTCUSDT,0,0.0,,0.0,0.0,0.0,0.0
1770679847056,2026-02-09 23:30:47.056000,ETHUSDT,1,2.906,2106.15,0.0,2.906,0.0,6120.4719000000005
1770679848062,2026-02-09 23:30:48.062000,BTCUSDT,0,0.0,,0.0,0.0,0.0,0.0
1770679848062,2026-02-09 23:30:48.062000,ETHUSDT,2,9.392,2106.039091780239,0.683,8.709,1438.3297000000002,18341.58945
1770679849065,2026-02-09 23:30:49.065000,BTCUSDT,1,0.215,70229.8,0.215,0.0,15099.407000000001,0.0
1770679849065,2026-02-09 23:30:49.065000,ETHUSDT,0,0.0,,0.0,0.0,0.0,0.0
1770679850069,2026-02-09 23:30:50.069000,BTCUSDT,0,0.0,,0.0,0.0,0.0,0.0
1770679850069,2026-02-09 23:30:50.069000,ETHUSDT,0,0.0,,0.0,0.0,0.0,0.0
1770679851072,2026-02-09 23:30:51.072000,BTCUSDT,1,0.219,70229.8,0.0,0.219,0.0,15380.326200000001
1770679851072,2026-02-09 23:30:51.072000,ETHUSDT,1,0.474,2106.0,0.0,0.474,0.0,998.2439999999999
1770679852079,2026-02-09 23:30:52.079000,BTCUSDT,1,0.002,70229.8,0.0,0.002,0.0,140.4596
1770679852079,2026-02-09 23:30:52.079000,ETHUSDT,0,0.0,,0.0,0.0,0.0,0.0
1770679853083,2026-02-09 23:30:53.083000,BTCUSDT,1,0.263,70227.0,0.263,0.0,18469.701,0.0
1770679853083,2026-02-09 23:30:53.083000,ETHUSDT,2,9.768,2106.87606981982,9.768,0.0,20579.96545,0.0
1770679854085,2026-02-09 23:30:54.085000,BTCUSDT,0,0.0,,0.0,0.0,0.0,0.0
1770679854085,2026-02-09 23:30:54.085000,ETHUSDT,0,0.0,,0.0,0.0,0.0,0.0
1770679855091,2026-02-09 23:30:55.091000,BTCUSDT,0,0.0,,0.0,0.0,0.0,0.0
1770679855091,2026-02-09 23:30:55.091000,ETHUSDT,0,0.0,,0.0,0.0,0.0,0.0
1770679856093,2026-02-09 23:30:56.093000,BTCUSDT,1,0.028,70238.2,0.028,0.0,1966.6696,0.0
1770679856093,2026-02-09 23:30:56.093000,ETHUSDT,0,0.0,,0.0,0.0,0.0,0.0
1770679857098,2026-02-09 23:30:57.098000,BTCUSDT,0,0.0,,0.0,0.0,0.0,0.0
1770679857098,2026-02-09 23:30:57.098000,ETHUSDT,1,7.909,2106.9,0.0,7.909,0.0,16663.4721
1770679858104,2026-02-09 23:30:58.104000,BTCUSDT,1,0.289,70239.7,0.289,0.0,20299.273299999997,0.0
1770679858104,2026-02-09 23:30:58.104000,ETHUSDT,0,0.0,,0.0,0.0,0.0,0.0
1770679859106,2026-02-09 23:30:59.106000,BTCUSDT,0,0.0,,0.0,0.0,0.0,0.0
1770679859106,2026-02-09 23:30:59.106000,ETHUSDT,0,0.0,,0.0,0.0,0.0,0.0
1770679860111,2026-02-09 23:31:00.111000,BTCUSDT,0,0.0,,0.0,0.0,0.0,0.0
1770679860111,2026-02-09 23:31:00.111000,ETHUSDT,0,0.0,,0.0,0.0,0.0,0.0
1770679861114,2026-02-09 23:31:01.114000,BTCUSDT,1,0.121,70240.2,0.0,0.121,0.0,8499.064199999999
1770679861114,2026-02-09 23:31:01.114000,ETHUSDT,1,5.057,2107.35,5.057,0.0,10656.86895,0.0
1770679862120,2026-02-09 23:31:02.120000,BTCUSDT,1,0.247,70240.2,0.0,0.247,0.0,17349.3294
1770679862120,2026-02-09 23:31:02.120000,ETHUSDT,0,0.0,,0.0,0.0,0.0,0.0
1770679863123,2026-02-09 23:31:03.123000,BTCUSDT,0,0.0,,0.0,0.0,0.0,0.0
1770679863123,2026-02-09 23:31:03.123000,ETHUSDT,0,0.0,,0.0,0.0,0.0,0.0
1770679864129,2026-02-09 23:31:04.129000,BTCUSDT,1,0.001,70250.0,0.001,0.0,70.25,0.0
1770679864129,2026-02-09 23:31:04.129000,ETHUSDT,0,0.0,,0.0,0.0,0.0,0.0
1770679865134,2026-02-09 23:31:05.134000,BTCUSDT,1,0.276,70249.9,0.276,0.0,19388.9724,0.0
1770679865134,2026-02-09 23:31:05.134000,ETHUSDT,3,27.885,2108.62342119419,27.885,0.0,58798.9641,0.0
1770679866139,2026-02-09 23:31:06.139000,BTCUSDT,0,0.0,,0.0,0.0,0.0,0.0
1770679866139,2026-02-09 23:31:06.139000,ETHUSDT,1,7.518,2108.65,7.518,0.0,15852.8307,0.0
1770679867141,2026-02-09 23:31:07.141000,BTCUSDT,0,0.0,,0.0,0.0,0.0,0.0
1770679867141,2026-02-09 23:31:07.141000,ETHUSDT,1,0.688,2108.6,0.0,0.688,0.0,1450.7168
1770679868147,2026-02-09 23:31:08.147000,BTCUSDT,1,0.139,70249.9,0.0,0.139,0.0,9764.7361
1770679868147,2026-02-09 23:31:08.147000,ETHUSDT,0,0.0,,0.0,0.0,0.0,0.0
1770679869153,2026-02-09 23:31:09.153000,BTCUSDT,0,0.0,,0.0,0.0,0.0,0.0
1770679869153,2026-02-09 23:31:09.153000,ETHUSDT,1,4.648,2108.55,0.0,4.648,0.0,9800.5404
1770679870161,2026-02-09 23:31:10.161000,BTCUSDT,0,0.0,,0.0,0.0,0.0,0.0
1770679870161,2026-02-09 23:31:10.161000,ETHUSDT,0,0.0,,0.0,0.0,0.0,0.0
1770679871166,2026-02-09 23:31:11.166000,BTCUSDT,0,0.0,,0.0,0.0,0.0,0.0
1770679871166,2026-02-09 23:31:11.166000,ETHUSDT,1,3.025,2108.55,0.0,3.025,0.0,6378.36375
1770679872173,2026-02-09 23:31:12.173000,BTCUSDT,2,0.352,70249.96818181819,0.352,0.0,24727.9888,0.0
1770679872173,2026-02-09 23:31:12.173000,ETHUSDT,0,0.0,,0.0,0.0,0.0,0.0
1770679873175,2026-02-09 23:31:13.175000,BTCUSDT,1,0.173,70242.3,0.173,0.0,12151.9179,0.0
1770679873175,2026-02-09 23:31:13.175000,ETHUSDT,1,8.504,2107.45,8.504,0.0,17921.7548,0.0
1770679874179,2026-02-09 23:31:14.179000,BTCUSDT,1,0.52,70230.0,0.52,0.0,36519.6,0.0
1770679874179,2026-02-09 23:31:14.179000,ETHUSDT,0,0.0,,0.0,0.0,0.0,0.0
1770679875186,2026-02-09 23:31:15.186000,BTCUSDT,1,0.093,70229.9,0.0,0.093,0.0,6531.3807
1770679875186,2026-02-09 23:31:15.186000,ETHUSDT,1,0.1,2106.9,0.0,0.1,0.0,210.69000000000003
1770679876192,2026-02-09 23:31:16.192000,BTCUSDT,1,0.226,70233.1,0.0,0.226,0.0,15872.680600000002
1770679876192,2026-02-09 23:31:16.192000,ETHUSDT,1,0.004,2106.7,0.004,0.0,8.4268,0.0
1770679877198,2026-02-09 23:31:17.198000,BTCUSDT,0,0.0,,0.0,0.0,0.0,0.0
1770679877198,2026-02-09 23:31:17.198000,ETHUSDT,1,8.594,2106.75,0.0,8.594,0.0,18105.409499999998
1770679878204,2026-02-09 23:31:18.204000,BTCUSDT,0,0.0,,0.0,0.0,0.0,0.0
1770679878204,2026-02-09 23:31:18.204000,ETHUSDT,0,0.0,,0.0,0.0,0.0,0.0
1770679879211,2026-02-09 23:31:19.211000,BTCUSDT,1,0.171,70233.1,0.171,0.0,12009.860100000002,0.0
1770679879211,2026-02-09 23:31:19.211000,ETHUSDT,1,0.474,2106.7,0.0,0.474,0.0,998.5757999999998
1770679880219,2026-02-09 23:31:20.219000,BTCUSDT,0,0.0,,0.0,0.0,0.0,0.0
1770679880219,2026-02-09 23:31:20.219000,ETHUSDT,1,7.137,2107.05,7.137,0.0,15038.01585,0.0
1770679881242,2026-02-09 23:31:21.242000,BTCUSDT,0,0.0,,0.0,0.0,0.0,0.0
1770679881242,2026-02-09 23:31:21.242000,ETHUSDT,0,0.0,,0.0,0.0,0.0,0.0
1770679882246,2026-02-09 23:31:22.246000,BTCUSDT,0,0.0,,0.0,0.0,0.0,0.0
1770679882246,2026-02-09 23:31:22.246000,ETHUSDT,0,0.0,,0.0,0.0,0.0,0.0
1770679883252,2026-02-09 23:31:23.252000,BTCUSDT,0,0.0,,0.0,0.0,0.0,0.0
1770679883252,2026-02-09 23:31:23.252000,ETHUSDT,0,0.0,,0.0,0.0,0.0,0.0
1770679884257,2026-02-09 23:31:24.257000,BTCUSDT,1,0.028,70234.9,0.028,0.0,1966.5772,0.0
1770679884257,2026-02-09 23:31:24.257000,ETHUSDT,1,5.792,2106.75,0.0,5.792,0.0,12202.296
1770679885262,2026-02-09 23:31:25.262000,BTCUSDT,1,0.081,70234.8,0.081,0.0,5689.018800000001,0.0
1770679885262,2026-02-09 23:31:25.262000,ETHUSDT,0,0.0,,0.0,0.0,0.0,0.0
1770679886264,2026-02-09 23:31:26.264000,BTCUSDT,1,0.149,70237.4,0.0,0.149,0.0,10465.372599999999
1770679886264,2026-02-09 23:31:26.264000,ETHUSDT,1,0.004,2106.8,0.004,0.0,8.427200000000001,0.0
1770679887270,2026-02-09 23:31:27.270000,BTCUSDT,0,0.0,,0.0,0.0,0.0,0.0
1770679887270,2026-02-09 23:31:27.270000,ETHUSDT,1,2.864,2106.95,2.864,0.0,6034.304799999999,0.0
1770679888272,2026-02-09 23:31:28.272000,BTCUSDT,0,0.0,,0.0,0.0,0.0,0.0
1770679888272,2026-02-09 23:31:28.272000,ETHUSDT,0,0.0,,0.0,0.0,0.0,0.0
1770679889278,2026-02-09 23:31:29.278000,BTCUSDT,0,0.0,,0.0,0.0,0.0,0.0
1770679889278,2026-02-09 23:31:29.278000,ETHUSDT,1,7.203,2107.95,0.0,7.203,0.0,15183.563849999999
1770679890281,2026-02-09 23:31:30.281000,BTCUSDT,1,0.103,70254.8,0.103,0.0,7236.2444,0.0
1770679890281,2026-02-09 23:31:30.281000,ETHUSDT,0,0.0,,0.0,0.0,0.0,0.0
1770679891287,2026-02-09 23:31:31.287000,BTCUSDT,0,0.0,,0.0,0.0,0.0,0.0
1770679891287,2026-02-09 23:31:31.287000,ETHUSDT,1,0.004,2108.0,0.004,0.0,8.432,0.0
1770679892290,2026-02-09 23:31:32.290000,BTCUSDT,1,0.18,70255.4,0.0,0.18,0.0,12645.971999999998
1770679892290,2026-02-09 23:31:32.290000,ETHUSDT,0,0.0,,0.0,0.0,0.0,0.0
1770679893294,2026-02-09 23:31:33.294000,BTCUSDT,0,0.0,,0.0,0.0,0.0,0.0
1770679893294,2026-02-09 23:31:33.294000,ETHUSDT,1,4.245,2108.05,4.245,0.0,8948.672250000001,0.0
1770679894298,2026-02-09 23:31:34.298000,BTCUSDT,1,0.072,70255.4,0.072,0.0,5058.388799999999,0.0
1770679894298,2026-02-09 23:31:34.298000,ETHUSDT,0,0.0,,0.0,0.0,0.0,0.0
1770679895300,2026-02-09 23:31:35.300000,BTCUSDT,1,0.127,70253.1,0.127,0.0,8922.1437,0.0
1770679895300,2026-02-09 23:31:35.300000,ETHUSDT,1,4.895,2107.35,4.895,0.0,10315.478249999998,0.0
1770679896303,2026-02-09 23:31:36.303000,BTCUSDT,0,0.0,,0.0,0.0,0.0,0.0
1770679896303,2026-02-09 23:31:36.303000,ETHUSDT,0,0.0,,0.0,0.0,0.0,0.0
1770679897309,2026-02-09 23:31:37.309000,BTCUSDT,1,0.068,70253.6,0.0,0.068,0.0,4777.2448
1770679897309,2026-02-09 23:31:37.309000,ETHUSDT,1,0.004,2107.3,0.0,0.004,0.0,8.429200000000002
1770679898314,2026-02-09 23:31:38.314000,BTCUSDT,0,0.0,,0.0,0.0,0.0,0.0
1770679898314,2026-02-09 23:31:38.314000,ETHUSDT,1,2.958,2107.45,0.0,2.958,0.0,6233.8371
1770679899320,2026-02-09 23:31:39.320000,BTCUSDT,0,0.0,,0.0,0.0,0.0,0.0
1770679899320,2026-02-09 23:31:39.320000,ETHUSDT,0,0.0,,0.0,0.0,0.0,0.0
1770679900326,2026-02-09 23:31:40.326000,BTCUSDT,0,0.0,,0.0,0.0,0.0,0.0
1770679900326,2026-02-09 23:31:40.326000,ETHUSDT,1,4.629,2107.55,0.0,4.629,0.0,9755.84895
1770679901332,2026-02-09 23:31:41.332000,BTCUSDT,1,0.08,70253.6,0.08,0.0,5620.2880000000005,0.0
1770679901332,2026-02-09 23:31:41.332000,ETHUSDT,0,0.0,,0.0,0.0,0.0,0.0
1770679902339,2026-02-09 23:31:42.339000,BTCUSDT,1,0.054,70257.4,0.0,0.054,0.0,3793.8995999999997
1770679902339,2026-02-09 23:31:42.339000,ETHUSDT,1,0.004,2107.5,0.0,0.004,0.0,8.43
1770679903343,2026-02-09 23:31:43.343000,BTCUSDT,1,0.073,70257.4,0.073,0.0,5128.7901999999995,0.0
1770679903343,2026-02-09 23:31:43.343000,ETHUSDT,1,5.41,2107.6,5.41,0.0,11402.116,0.0
1770679904350,2026-02-09 23:31:44.350000,BTCUSDT,0,0.0,,0.0,0.0,0.0,0.0
1770679904350,2026-02-09 23:31:44.350000,ETHUSDT,0,0.0,,0.0,0.0,0.0,0.0
1770679905357,2026-02-09 23:31:45.357000,BTCUSDT,1,0.129,70257.4,0.0,0.129,0.0,9063.2046
1770679905357,2026-02-09 23:31:45.357000,ETHUSDT,1,0.006,2107.5,0.0,0.006,0.0,12.645
1770679906360,2026-02-09 23:31:46.360000,BTCUSDT,0,0.0,,0.0,0.0,0.0,0.0
1770679906360,2026-02-09 23:31:46.360000,ETHUSDT,1,3.051,2107.6,0.0,3.051,0.0,6430.2876
1770679907366,2026-02-09 23:31:47.366000,BTCUSDT,1,0.065,70257.4,0.065,0.0,4566.731,0.0
1770679907366,2026-02-09 23:31:47.366000,ETHUSDT,1,0.004,2107.2,0.0,0.004,0.0,8.428799999999999
1770679908370,2026-02-09 23:31:48.370000,BTCUSDT,0,0.0,,0.0,0.0,0.0,0.0
1770679908370,2026-02-09 23:31:48.370000,ETHUSDT,1,5.056,2107.25,5.056,0.0,10654.256,0.0
1770679909376,2026-02-09 23:31:49.376000,BTCUSDT,0,0.0,,0.0,0.0,0.0,0.0
1770679909376,2026-02-09 23:31:49.376000,ETHUSDT,0,0.0,,0.0,0.0,0.0,0.0
1770679910381,2026-02-09 23:31:50.381000,BTCUSDT,1,0.053,70255.2,0.0,0.053,0.0,3723.5256
1770679910381,2026-02-09 23:31:50.381000,ETHUSDT,1,0.004,2106.7,0.004,0.0,8.4268,0.0
1770679911386,2026-02-09 23:31:51.386000,BTCUSDT,1,0.123,70259.3,0.123,0.0,8641.893900000001,0.0
1770679911386,2026-02-09 23:31:51.386000,ETHUSDT,1,6.324,2107.05,0.0,6.324,0.0,13324.9842
1770679912390,2026-02-09 23:31:52.390000,BTCUSDT,2,0.03,70261.20000000001,0.03,0.0,2107.8360000000002,0.0
1770679912390,2026-02-09 23:31:52.390000,ETHUSDT,0,0.0,,0.0,0.0,0.0,0.0
1770679913396,2026-02-09 23:31:53.396000,BTCUSDT,6,5.010999999999999,70259.74426262223,0.0,5.010999999999999,0.0,352071.57849999995
1770679913396,2026-02-09 23:31:53.396000,ETHUSDT,0,0.0,,0.0,0.0,0.0,0.0
1770679914399,2026-02-09 23:31:54.399000,BTCUSDT,1,0.095,70261.2,0.0,0.095,0.0,6674.813999999999
1770679914399,2026-02-09 23:31:54.399000,ETHUSDT,0,0.0,,0.0,0.0,0.0,0.0
1770679915405,2026-02-09 23:31:55.405000,BTCUSDT,0,0.0,,0.0,0.0,0.0,0.0
1770679915405,2026-02-09 23:31:55.405000,ETHUSDT,0,0.0,,0.0,0.0,0.0,0.0
1770679916412,2026-02-09 23:31:56.412000,BTCUSDT,1,0.136,70261.2,0.0,0.136,0.0,9555.5232
1770679916412,2026-02-09 23:31:56.412000,ETHUSDT,0,0.0,,0.0,0.0,0.0,0.0
1770679917418,2026-02-09 23:31:57.418000,BTCUSDT,0,0.0,,0.0,0.0,0.0,0.0
1770679917418,2026-02-09 23:31:57.418000,ETHUSDT,1,0.004,2107.0,0.0,0.004,0.0,8.428
1770679918420,2026-02-09 23:31:58.420000,BTCUSDT,0,0.0,,0.0,0.0,0.0,0.0
1770679918420,2026-02-09 23:31:58.420000,ETHUSDT,1,6.223,2107.1,6.223,0.0,13112.4833,0.0
1770679919426,2026-02-09 23:31:59.426000,BTCUSDT,0,0.0,,0.0,0.0,0.0,0.0
1770679919426,2026-02-09 23:31:59.426000,ETHUSDT,0,0.0,,0.0,0.0,0.0,0.0
1770679920432,2026-02-09 23:32:00.432000,BTCUSDT,1,0.125,70261.2,0.125,0.0,8782.65,0.0
1770679920432,2026-02-09 23:32:00.432000,ETHUSDT,1,4.804,2107.05,0.0,4.804,0.0,10122.268200000002
1770679921439,2026-02-09 23:32:01.439000,BTCUSDT,0,0.0,,0.0,0.0,0.0,0.0
1770679921439,2026-02-09 23:32:01.439000,ETHUSDT,0,0.0,,0.0,0.0,0.0,0.0
1770679922441,2026-02-09 23:32:02.441000,BTCUSDT,0,0.0,,0.0,0.0,0.0,0.0
1770679922441,2026-02-09 23:32:02.441000,ETHUSDT,1,0.004,2106.6,0.0,0.004,0.0,8.4264
1770679923444,2026-02-09 23:32:03.444000,BTCUSDT,0,0.0,,0.0,0.0,0.0,0.0
1770679923444,2026-02-09 23:32:03.444000,ETHUSDT,0,0.0,,0.0,0.0,0.0,0.0
1770679924445,2026-02-09 23:32:04.445000,BTCUSDT,1,0.115,70267.5,0.115,0.0,8080.762500000001,0.0
1770679924445,2026-02-09 23:32:04.445000,ETHUSDT,1,2.315,2106.75,2.315,0.0,4877.12625,0.0
1770679925450,2026-02-09 23:32:05.450000,BTCUSDT,0,0.0,,0.0,0.0,0.0,0.0
1770679925450,2026-02-09 23:32:05.450000,ETHUSDT,1,2.338,2106.75,0.0,2.338,0.0,4925.5815
1770679926456,2026-02-09 23:32:06.456000,BTCUSDT,1,0.081,70263.5,0.0,0.081,0.0,5691.3435
1770679926456,2026-02-09 23:32:06.456000,ETHUSDT,0,0.0,,0.0,0.0,0.0,0.0
1770679927459,2026-02-09 23:32:07.459000,BTCUSDT,1,0.069,70260.1,0.0,0.069,0.0,4847.946900000001
1770679927459,2026-02-09 23:32:07.459000,ETHUSDT,1,0.004,2106.7,0.0,0.004,0.0,8.4268
1770679928462,2026-02-09 23:32:08.462000,BTCUSDT,0,0.0,,0.0,0.0,0.0,0.0
1770679928462,2026-02-09 23:32:08.462000,ETHUSDT,0,0.0,,0.0,0.0,0.0,0.0
1770679929465,2026-02-09 23:32:09.465000,BTCUSDT,0,0.0,,0.0,0.0,0.0,0.0
1770679929465,2026-02-09 23:32:09.465000,ETHUSDT,1,1.737,2107.05,0.0,1.737,0.0,3659.9458500000005
1770679930472,2026-02-09 23:32:10.472000,BTCUSDT,0,0.0,,0.0,0.0,0.0,0.0
1770679930472,2026-02-09 23:32:10.472000,ETHUSDT,1,2.301,2107.35,0.0,2.301,0.0,4849.01235
1770679931476,2026-02-09 23:32:11.476000,BTCUSDT,1,0.141,70278.7,0.0,0.141,0.0,9909.296699999999
1770679931476,2026-02-09 23:32:11.476000,ETHUSDT,1,2.168,2107.35,2.168,0.0,4568.7348,0.0
1770679932480,2026-02-09 23:32:12.480000,BTCUSDT,0,0.0,,0.0,0.0,0.0,0.0
1770679932480,2026-02-09 23:32:12.480000,ETHUSDT,1,0.004,2107.3,0.0,0.004,0.0,8.429200000000002
1770679933486,2026-02-09 23:32:13.486000,BTCUSDT,0,0.0,,0.0,0.0,0.0,0.0
1770679933486,2026-02-09 23:32:13.486000,ETHUSDT,1,4.306,2107.35,0.0,4.306,0.0,9074.249099999999
1770679934493,2026-02-09 23:32:14.493000,BTCUSDT,0,0.0,,0.0,0.0,0.0,0.0
1770679934493,2026-02-09 23:32:14.493000,ETHUSDT,0,0.0,,0.0,0.0,0.0,0.0
1770679935497,2026-02-09 23:32:15.497000,BTCUSDT,0,0.0,,0.0,0.0,0.0,0.0
1770679935497,2026-02-09 23:32:15.497000,ETHUSDT,1,0.21,2107.4,0.0,0.21,0.0,442.55400000000003
1770679936502,2026-02-09 23:32:16.502000,BTCUSDT,0,0.0,,0.0,0.0,0.0,0.0
1770679936502,2026-02-09 23:32:16.502000,ETHUSDT,0,0.0,,0.0,0.0,0.0,0.0
1770679937505,2026-02-09 23:32:17.505000,BTCUSDT,0,0.0,,0.0,0.0,0.0,0.0
1770679937505,2026-02-09 23:32:17.505000,ETHUSDT,1,0.004,2107.4,0.0,0.004,0.0,8.4296
1770679938514,2026-02-09 23:32:18.514000,BTCUSDT,0,0.0,,0.0,0.0,0.0,0.0
1770679938514,2026-02-09 23:32:18.514000,ETHUSDT,0,0.0,,0.0,0.0,0.0,0.0
1770679939520,2026-02-09 23:32:19.520000,BTCUSDT,1,0.06,70278.7,0.06,0.0,4216.722,0.0
1770679939520,2026-02-09 23:32:19.520000,ETHUSDT,1,5.235,2107.4,0.0,5.235,0.0,11032.239000000001
1770679940526,2026-02-09 23:32:20.526000,BTCUSDT,2,0.156,70278.71794871795,0.028,0.128,1967.8064000000002,8995.6736
1770679940526,2026-02-09 23:32:20.526000,ETHUSDT,0,0.0,,0.0,0.0,0.0,0.0
1770679941532,2026-02-09 23:32:21.532000,BTCUSDT,0,0.0,,0.0,0.0,0.0,0.0
1770679941532,2026-02-09 23:32:21.532000,ETHUSDT,0,0.0,,0.0,0.0,0.0,0.0
1770679942538,2026-02-09 23:32:22.538000,BTCUSDT,0,0.0,,0.0,0.0,0.0,0.0
1770679942538,2026-02-09 23:32:22.538000,ETHUSDT,1,0.004,2106.9,0.0,0.004,0.0,8.4276
1770679943542,2026-02-09 23:32:23.542000,BTCUSDT,1,0.06,70272.2,0.06,0.0,4216.331999999999,0.0
1770679943542,2026-02-09 23:32:23.542000,ETHUSDT,1,3.638,2106.95,3.638,0.0,7665.084099999999,0.0
1770679944547,2026-02-09 23:32:24.547000,BTCUSDT,1,0.051,70272.2,0.051,0.0,3583.8821999999996,0.0
1770679944547,2026-02-09 23:32:24.547000,ETHUSDT,0,0.0,,0.0,0.0,0.0,0.0
1770679945554,2026-02-09 23:32:25.554000,BTCUSDT,1,0.114,70259.5,0.0,0.114,0.0,8009.5830000000005
1770679945554,2026-02-09 23:32:25.554000,ETHUSDT,2,0.062,2107.1870967741934,0.062,0.0,130.6456,0.0
1770679946563,2026-02-09 23:32:26.563000,BTCUSDT,0,0.0,,0.0,0.0,0.0,0.0
1770679946563,2026-02-09 23:32:26.563000,ETHUSDT,1,1.689,2106.85,0.0,1.689,0.0,3558.46965
1770679947576,2026-02-09 23:32:27.576000,BTCUSDT,0,0.0,,0.0,0.0,0.0,0.0
1770679947576,2026-02-09 23:32:27.576000,ETHUSDT,1,3.122,2107.05,3.122,0.0,6578.2101,0.0
1770679948580,2026-02-09 23:32:28.580000,BTCUSDT,0,0.0,,0.0,0.0,0.0,0.0
1770679948580,2026-02-09 23:32:28.580000,ETHUSDT,0,0.0,,0.0,0.0,0.0,0.0
1770679949586,2026-02-09 23:32:29.586000,BTCUSDT,1,0.066,70255.3,0.0,0.066,0.0,4636.8498
1770679949586,2026-02-09 23:32:29.586000,ETHUSDT,1,4.431,2106.85,0.0,4.431,0.0,9335.45235
1770679950592,2026-02-09 23:32:30.592000,BTCUSDT,0,0.0,,0.0,0.0,0.0,0.0
1770679950592,2026-02-09 23:32:30.592000,ETHUSDT,0,0.0,,0.0,0.0,0.0,0.0
1770679951598,2026-02-09 23:32:31.598000,BTCUSDT,0,0.0,,0.0,0.0,0.0,0.0
1770679951598,2026-02-09 23:32:31.598000,ETHUSDT,0,0.0,,0.0,0.0,0.0,0.0
1770679952603,2026-02-09 23:32:32.603000,BTCUSDT,1,0.053,70255.3,0.0,0.053,0.0,3723.5309
1770679952603,2026-02-09 23:32:32.603000,ETHUSDT,1,0.004,2106.8,0.0,0.004,0.0,8.427200000000001
1770679953608,2026-02-09 23:32:33.608000,BTCUSDT,2,0.358,70255.3,0.12,0.238,8430.636,16720.7614
1770679953608,2026-02-09 23:32:33.608000,ETHUSDT,1,3.644,2106.95,3.644,0.0,7677.725799999999,0.0
1770679954612,2026-02-09 23:32:34.612000,BTCUSDT,0,0.0,,0.0,0.0,0.0,0.0
1770679954612,2026-02-09 23:32:34.612000,ETHUSDT,1,0.005,2107.1,0.005,0.0,10.535499999999999,0.0
1770679955615,2026-02-09 23:32:35.615000,BTCUSDT,1,0.131,70270.8,0.0,0.131,0.0,9205.4748
1770679955615,2026-02-09 23:32:35.615000,ETHUSDT,0,0.0,,0.0,0.0,0.0,0.0
1770679956626,2026-02-09 23:32:36.626000,BTCUSDT,1,0.566,70270.8,0.0,0.566,0.0,39773.2728
1770679956626,2026-02-09 23:32:36.626000,ETHUSDT,1,1.265,2107.15,0.0,1.265,0.0,2665.54475
1770679957635,2026-02-09 23:32:37.635000,BTCUSDT,0,0.0,,0.0,0.0,0.0,0.0
1770679957635,2026-02-09 23:32:37.635000,ETHUSDT,1,0.004,2107.1,0.0,0.004,0.0,8.4284
1770679958648,2026-02-09 23:32:38.648000,BTCUSDT,1,0.163,70270.8,0.163,0.0,11454.1404,0.0
1770679958648,2026-02-09 23:32:38.648000,ETHUSDT,0,0.0,,0.0,0.0,0.0,0.0
1770679959658,2026-02-09 23:32:39.658000,BTCUSDT,0,0.0,,0.0,0.0,0.0,0.0
1770679959658,2026-02-09 23:32:39.658000,ETHUSDT,0,0.0,,0.0,0.0,0.0,0.0
1770679960666,2026-02-09 23:32:40.666000,BTCUSDT,0,0.0,,0.0,0.0,0.0,0.0
1770679960666,2026-02-09 23:32:40.666000,ETHUSDT,0,0.0,,0.0,0.0,0.0,0.0
1770681214165,2026-02-09 23:53:34.165000,BTCUSDT,0,0.0,,0.0,0.0,0.0,0.0
1770681214165,2026-02-09 23:53:34.165000,ETHUSDT,0,0.0,,0.0,0.0,0.0,0.0
1770681215171,2026-02-09 23:53:35.171000,BTCUSDT,0,0.0,,0.0,0.0,0.0,0.0
1770681215171,2026-02-09 23:53:35.171000,ETHUSDT,0,0.0,,0.0,0.0,0.0,0.0
1770681216173,2026-02-09 23:53:36.173000,BTCUSDT,0,0.0,,0.0,0.0,0.0,0.0
1770681216173,2026-02-09 23:53:36.173000,ETHUSDT,0,0.0,,0.0,0.0,0.0,0.0
1770681217177,2026-02-09 23:53:37.177000,BTCUSDT,0,0.0,,0.0,0.0,0.0,0.0
1770681217177,2026-02-09 23:53:37.177000,ETHUSDT,1,0.475,2103.2,0.0,0.475,0.0,999.0199999999999
1770681218181,2026-02-09 23:53:38.181000,BTCUSDT,0,0.0,,0.0,0.0,0.0,0.0
1770681218181,2026-02-09 23:53:38.181000,ETHUSDT,0,0.0,,0.0,0.0,0.0,0.0
1770681219186,2026-02-09 23:53:39.186000,BTCUSDT,0,0.0,,0.0,0.0,0.0,0.0
1770681219186,2026-02-09 23:53:39.186000,ETHUSDT,0,0.0,,0.0,0.0,0.0,0.0
1770681220188,2026-02-09 23:53:40.188000,BTCUSDT,1,0.348,70079.7,0.348,0.0,24387.735599999996,0.0
1770681220188,2026-02-09 23:53:40.188000,ETHUSDT,1,3.783,2103.2,3.783,0.0,7956.405599999999,0.0
1770681221192,2026-02-09 23:53:41.192000,BTCUSDT,0,0.0,,0.0,0.0,0.0,0.0
1770681221192,2026-02-09 23:53:41.192000,ETHUSDT,0,0.0,,0.0,0.0,0.0,0.0
1770681222198,2026-02-09 23:53:42.198000,BTCUSDT,1,0.43,70079.7,0.43,0.0,30134.270999999997,0.0
1770681222198,2026-02-09 23:53:42.198000,ETHUSDT,0,0.0,,0.0,0.0,0.0,0.0
1770681223204,2026-02-09 23:53:43.204000,BTCUSDT,0,0.0,,0.0,0.0,0.0,0.0
1770681223204,2026-02-09 23:53:43.204000,ETHUSDT,0,0.0,,0.0,0.0,0.0,0.0
1770681224209,2026-02-09 23:53:44.209000,BTCUSDT,1,0.366,70085.3,0.0,0.366,0.0,25651.2198
1770681224209,2026-02-09 23:53:44.209000,ETHUSDT,0,0.0,,0.0,0.0,0.0,0.0
1770681225212,2026-02-09 23:53:45.212000,BTCUSDT,0,0.0,,0.0,0.0,0.0,0.0
1770681225212,2026-02-09 23:53:45.212000,ETHUSDT,0,0.0,,0.0,0.0,0.0,0.0
1770681226218,2026-02-09 23:53:46.218000,BTCUSDT,1,0.237,70085.3,0.0,0.237,0.0,16610.2161
1770681226218,2026-02-09 23:53:46.218000,ETHUSDT,1,2.825,2103.45,2.825,0.0,5942.24625,0.0
1770681227222,2026-02-09 23:53:47.222000,BTCUSDT,0,0.0,,0.0,0.0,0.0,0.0
1770681227222,2026-02-09 23:53:47.222000,ETHUSDT,0,0.0,,0.0,0.0,0.0,0.0
1770681228227,2026-02-09 23:53:48.227000,BTCUSDT,1,0.231,70085.3,0.231,0.0,16189.704300000001,0.0
1770681228227,2026-02-09 23:53:48.227000,ETHUSDT,1,1.523,2103.45,1.523,0.0,3203.5543499999994,0.0
1770681229232,2026-02-09 23:53:49.232000,BTCUSDT,1,0.183,70085.3,0.0,0.183,0.0,12825.6099
