ts_unix_ms,ts_dt_utc,symbol,n_trades_1s,sum_qty_1s,vwap_1s,buy_qty_1s,sell_qty_1s,buy_notional_1s,sell_notional_1s
1771354830654,2026-02-17 19:00:30.654000,ETHUSDT,1,1.135,1997.9,1.135,0.0,2267.6165,0.0
1771354831658,2026-02-17 19:00:31.658000,ETHUSDT,0,0.0,,0.0,0.0,0.0,0.0
1771354832661,2026-02-17 19:00:32.661000,ETHUSDT,0,0.0,,0.0,0.0,0.0,0.0
1771354833666,2026-02-17 19:00:33.666000,ETHUSDT,0,0.0,,0.0,0.0,0.0,0.0
1771354834668,2026-02-17 19:00:34.668000,ETHUSDT,1,17.026,1998.1000000000001,0.0,17.026,0.0,34019.6506
1771354835673,2026-02-17 19:00:35.673000,ETHUSDT,0,0.0,,0.0,0.0,0.0,0.0
1771354836678,2026-02-17 19:00:36.678000,ETHUSDT,0,0.0,,0.0,0.0,0.0,0.0
1771354837682,2026-02-17 19:00:37.682000,ETHUSDT,0,0.0,,0.0,0.0,0.0,0.0
1771354838685,2026-02-17 19:00:38.685000,ETHUSDT,0,0.0,,0.0,0.0,0.0,0.0
1771354839689,2026-02-17 19:00:39.689000,ETHUSDT,1,27.495,1998.9,0.0,27.495,0.0,54959.75550000001
1771354840694,2026-02-17 19:00:40.694000,ETHUSDT,0,0.0,,0.0,0.0,0.0,0.0
1771354841700,2026-02-17 19:00:41.700000,ETHUSDT,0,0.0,,0.0,0.0,0.0,0.0
1771354842704,2026-02-17 19:00:42.704000,ETHUSDT,1,24.671,1998.5,24.671,0.0,49304.9935,0.0
1771354843710,2026-02-17 19:00:43.710000,ETHUSDT,0,0.0,,0.0,0.0,0.0,0.0
1771354844714,2026-02-17 19:00:44.714000,ETHUSDT,0,0.0,,0.0,0.0,0.0,0.0
1771354845719,2026-02-17 19:00:45.719000,ETHUSDT,0,0.0,,0.0,0.0,0.0,0.0
1771354846725,2026-02-17 19:00:46.725000,ETHUSDT,0,0.0,,0.0,0.0,0.0,0.0
1771354847727,2026-02-17 19:00:47.727000,ETHUSDT,1,22.429,1998.4999999999998,0.0,22.429,0.0,44824.356499999994
1771354848733,2026-02-17 19:00:48.733000,ETHUSDT,1,2.627,1998.6,2.627,0.0,5250.3222,0.0
1771354849735,2026-02-17 19:00:49.735000,ETHUSDT,0,0.0,,0.0,0.0,0.0,0.0
1771354850741,2026-02-17 19:00:50.741000,ETHUSDT,3,47.336,1999.056555264492,24.771,22.565,49519.706099999996,45107.635
1771354851744,2026-02-17 19:00:51.744000,ETHUSDT,0,0.0,,0.0,0.0,0.0,0.0
1771354852749,2026-02-17 19:00:52.749000,ETHUSDT,0,0.0,,0.0,0.0,0.0,0.0
1771354853754,2026-02-17 19:00:53.754000,ETHUSDT,0,0.0,,0.0,0.0,0.0,0.0
1771354854756,2026-02-17 19:00:54.756000,ETHUSDT,1,11.865,1998.7000000000003,0.0,11.865,0.0,23714.575500000003
1771354855760,2026-02-17 19:00:55.760000,ETHUSDT,0,0.0,,0.0,0.0,0.0,0.0
1771354856764,2026-02-17 19:00:56.764000,ETHUSDT,0,0.0,,0.0,0.0,0.0,0.0
1771354857769,2026-02-17 19:00:57.769000,ETHUSDT,0,0.0,,0.0,0.0,0.0,0.0
1771354858772,2026-02-17 19:00:58.772000,ETHUSDT,1,6.186,1998.7000000000003,6.186,0.0,12363.958200000001,0.0
1771354859777,2026-02-17 19:00:59.777000,ETHUSDT,2,13.535,1999.0001477650535,0.01,13.525,19.992,27036.475000000002
1771354860783,2026-02-17 19:01:00.783000,ETHUSDT,0,0.0,,0.0,0.0,0.0,0.0
1771354861787,2026-02-17 19:01:01.787000,ETHUSDT,0,0.0,,0.0,0.0,0.0,0.0
1771354862789,2026-02-17 19:01:02.789000,ETHUSDT,0,0.0,,0.0,0.0,0.0,0.0
1771354863794,2026-02-17 19:01:03.794000,ETHUSDT,0,0.0,,0.0,0.0,0.0,0.0
1771354864799,2026-02-17 19:01:04.799000,ETHUSDT,0,0.0,,0.0,0.0,0.0,0.0
1771354865802,2026-02-17 19:01:05.802000,ETHUSDT,0,0.0,,0.0,0.0,0.0,0.0
1771354866808,2026-02-17 19:01:06.808000,ETHUSDT,1,0.003,1999.1,0.003,0.0,5.9973,0.0
1771354867810,2026-02-17 19:01:07.810000,ETHUSDT,0,0.0,,0.0,0.0,0.0,0.0
1771354868815,2026-02-17 19:01:08.815000,ETHUSDT,1,12.704,1999.0,0.0,12.704,0.0,25395.296000000002
1771354869819,2026-02-17 19:01:09.819000,ETHUSDT,0,0.0,,0.0,0.0,0.0,0.0
1771354870820,2026-02-17 19:01:10.820000,ETHUSDT,0,0.0,,0.0,0.0,0.0,0.0
1771354871824,2026-02-17 19:01:11.824000,ETHUSDT,0,0.0,,0.0,0.0,0.0,0.0
1771354872827,2026-02-17 19:01:12.827000,ETHUSDT,0,0.0,,0.0,0.0,0.0,0.0
1771354873831,2026-02-17 19:01:13.831000,ETHUSDT,0,0.0,,0.0,0.0,0.0,0.0
1771354874835,2026-02-17 19:01:14.835000,ETHUSDT,1,8.806,1998.8,8.806,0.0,17601.4328,0.0
1771354875840,2026-02-17 19:01:15.840000,ETHUSDT,0,0.0,,0.0,0.0,0.0,0.0
1771354876842,2026-02-17 19:01:16.842000,ETHUSDT,0,0.0,,0.0,0.0,0.0,0.0
1771354877844,2026-02-17 19:01:17.844000,ETHUSDT,1,4.393,1999.0,0.0,4.393,0.0,8781.607
1771354878849,2026-02-17 19:01:18.849000,ETHUSDT,0,0.0,,0.0,0.0,0.0,0.0
1771354879854,2026-02-17 19:01:19.854000,ETHUSDT,0,0.0,,0.0,0.0,0.0,0.0
1771354880856,2026-02-17 19:01:20.856000,ETHUSDT,1,4.803,1999.0,4.803,0.0,9601.197,0.0
1771354881859,2026-02-17 19:01:21.859000,ETHUSDT,0,0.0,,0.0,0.0,0.0,0.0
1771354882861,2026-02-17 19:01:22.861000,ETHUSDT,0,0.0,,0.0,0.0,0.0,0.0
1771354883864,2026-02-17 19:01:23.864000,ETHUSDT,3,35.476,1998.9537997519449,35.476,0.0,70914.885,0.0
1771354884870,2026-02-17 19:01:24.870000,ETHUSDT,0,0.0,,0.0,0.0,0.0,0.0
1771354885874,2026-02-17 19:01:25.874000,ETHUSDT,1,10.799,1999.9,0.0,10.799,0.0,21596.9201
1771354886877,2026-02-17 19:01:26.877000,ETHUSDT,0,0.0,,0.0,0.0,0.0,0.0
1771354887883,2026-02-17 19:01:27.883000,ETHUSDT,2,6.447,2000.3879633938266,0.194,6.253,388.0,12508.5012
1771354888885,2026-02-17 19:01:28.885000,ETHUSDT,0,0.0,,0.0,0.0,0.0,0.0
1771354889891,2026-02-17 19:01:29.891000,ETHUSDT,1,10.03,2000.0000000000002,0.0,10.03,0.0,20060.0
1771354890894,2026-02-17 19:01:30.894000,ETHUSDT,0,0.0,,0.0,0.0,0.0,0.0
1771354891896,2026-02-17 19:01:31.896000,ETHUSDT,0,0.0,,0.0,0.0,0.0,0.0
1771354892902,2026-02-17 19:01:32.902000,ETHUSDT,0,0.0,,0.0,0.0,0.0,0.0
1771354893906,2026-02-17 19:01:33.906000,ETHUSDT,0,0.0,,0.0,0.0,0.0,0.0
1771354894910,2026-02-17 19:01:34.910000,ETHUSDT,0,0.0,,0.0,0.0,0.0,0.0
1771354895914,2026-02-17 19:01:35.914000,ETHUSDT,0,0.0,,0.0,0.0,0.0,0.0
1771354896920,2026-02-17 19:01:36.920000,ETHUSDT,0,0.0,,0.0,0.0,0.0,0.0
1771354897922,2026-02-17 19:01:37.922000,ETHUSDT,1,12.499,2000.0,0.0,12.499,0.0,24998.0
1771354898928,2026-02-17 19:01:38.928000,ETHUSDT,1,0.017,1999.8,0.0,0.017,0.0,33.9966
1771354899934,2026-02-17 19:01:39.934000,ETHUSDT,0,0.0,,0.0,0.0,0.0,0.0
1771354900935,2026-02-17 19:01:40.935000,ETHUSDT,1,29.966,1999.4000000000003,0.0,29.966,0.0,59914.02040000001
1771354901941,2026-02-17 19:01:41.941000,ETHUSDT,1,0.194,1998.7,0.0,0.194,0.0,387.74780000000004
1771354902942,2026-02-17 19:01:42.942000,ETHUSDT,0,0.0,,0.0,0.0,0.0,0.0
1771354903945,2026-02-17 19:01:43.945000,ETHUSDT,1,7.292,1998.4,7.292,0.0,14572.3328,0.0
1771354904947,2026-02-17 19:01:44.947000,ETHUSDT,0,0.0,,0.0,0.0,0.0,0.0
1771354905952,2026-02-17 19:01:45.952000,ETHUSDT,0,0.0,,0.0,0.0,0.0,0.0
1771354906958,2026-02-17 19:01:46.958000,ETHUSDT,0,0.0,,0.0,0.0,0.0,0.0
1771354907962,2026-02-17 19:01:47.962000,ETHUSDT,0,0.0,,0.0,0.0,0.0,0.0
1771354908966,2026-02-17 19:01:48.966000,ETHUSDT,0,0.0,,0.0,0.0,0.0,0.0
1771354909971,2026-02-17 19:01:49.971000,ETHUSDT,2,9.918999999999999,1996.8061498134894,0.0,9.918999999999999,0.0,19806.3202
1771354910976,2026-02-17 19:01:50.976000,ETHUSDT,1,0.003,1996.9,0.003,0.0,5.9907,0.0
1771354911977,2026-02-17 19:01:51.977000,ETHUSDT,1,0.018,1996.5,0.0,0.018,0.0,35.937
1771354912983,2026-02-17 19:01:52.983000,ETHUSDT,0,0.0,,0.0,0.0,0.0,0.0
1771354913985,2026-02-17 19:01:53.985000,ETHUSDT,1,5.323,1996.1999999999998,0.0,5.323,0.0,10625.7726
1771354914989,2026-02-17 19:01:54.989000,ETHUSDT,3,16.624000000000002,1996.7999639076033,16.507,0.117,32961.177,233.62560000000002
1771354915994,2026-02-17 19:01:55.994000,ETHUSDT,0,0.0,,0.0,0.0,0.0,0.0
1771354916999,2026-02-17 19:01:56.999000,ETHUSDT,0,0.0,,0.0,0.0,0.0,0.0
1771354918004,2026-02-17 19:01:58.004000,ETHUSDT,3,6.046,1997.274346675488,5.047000000000001,0.999,10080.317900000002,1995.2028
1771354919005,2026-02-17 19:01:59.005000,ETHUSDT,1,12.377,1997.2,0.0,12.377,0.0,24719.3444
1771354920011,2026-02-17 19:02:00.011000,ETHUSDT,0,0.0,,0.0,0.0,0.0,0.0
1771354921016,2026-02-17 19:02:01.016000,ETHUSDT,0,0.0,,0.0,0.0,0.0,0.0
1771354922020,2026-02-17 19:02:02.020000,ETHUSDT,0,0.0,,0.0,0.0,0.0,0.0
1771354923023,2026-02-17 19:02:03.023000,ETHUSDT,0,0.0,,0.0,0.0,0.0,0.0
1771354924028,2026-02-17 19:02:04.028000,ETHUSDT,0,0.0,,0.0,0.0,0.0,0.0
1771354925033,2026-02-17 19:02:05.033000,ETHUSDT,1,5.987,1997.0,5.987,0.0,11956.039,0.0
1771354926035,2026-02-17 19:02:06.035000,ETHUSDT,0,0.0,,0.0,0.0,0.0,0.0
1771354927039,2026-02-17 19:02:07.039000,ETHUSDT,0,0.0,,0.0,0.0,0.0,0.0
1771354928043,2026-02-17 19:02:08.043000,ETHUSDT,0,0.0,,0.0,0.0,0.0,0.0
1771354929049,2026-02-17 19:02:09.049000,ETHUSDT,1,4.805,1997.1,4.805,0.0,9596.065499999999,0.0
1771354930053,2026-02-17 19:02:10.053000,ETHUSDT,1,6.714,1997.2,0.0,6.714,0.0,13409.2008
1771354931057,2026-02-17 19:02:11.057000,ETHUSDT,1,17.153,1997.2999999999997,17.153,0.0,34259.68689999999,0.0
1771354932063,2026-02-17 19:02:12.063000,ETHUSDT,0,0.0,,0.0,0.0,0.0,0.0
1771354933069,2026-02-17 19:02:13.069000,ETHUSDT,1,0.003,1997.7,0.003,0.0,5.9931,0.0
1771354934073,2026-02-17 19:02:14.073000,ETHUSDT,0,0.0,,0.0,0.0,0.0,0.0
1771354935078,2026-02-17 19:02:15.078000,ETHUSDT,1,13.807,1997.8,0.0,13.807,0.0,27583.6246
1771354936081,2026-02-17 19:02:16.081000,ETHUSDT,0,0.0,,0.0,0.0,0.0,0.0
1771354937087,2026-02-17 19:02:17.087000,ETHUSDT,0,0.0,,0.0,0.0,0.0,0.0
1771354938093,2026-02-17 19:02:18.093000,ETHUSDT,1,11.019,1997.9,0.0,11.019,0.0,22014.8601
1771354939098,2026-02-17 19:02:19.098000,ETHUSDT,0,0.0,,0.0,0.0,0.0,0.0
1771354940099,2026-02-17 19:02:20.099000,ETHUSDT,1,10.137,1997.9,10.137,0.0,20252.712300000003,0.0
1771354941103,2026-02-17 19:02:21.103000,ETHUSDT,0,0.0,,0.0,0.0,0.0,0.0
1771354942107,2026-02-17 19:02:22.107000,ETHUSDT,1,15.837,1997.9,15.837,0.0,31640.7423,0.0
1771354943111,2026-02-17 19:02:23.111000,ETHUSDT,0,0.0,,0.0,0.0,0.0,0.0
1771354944116,2026-02-17 19:02:24.116000,ETHUSDT,0,0.0,,0.0,0.0,0.0,0.0
1771354945118,2026-02-17 19:02:25.118000,ETHUSDT,0,0.0,,0.0,0.0,0.0,0.0
1771354946123,2026-02-17 19:02:26.123000,ETHUSDT,0,0.0,,0.0,0.0,0.0,0.0
1771354947129,2026-02-17 19:02:27.129000,ETHUSDT,0,0.0,,0.0,0.0,0.0,0.0
1771354948135,2026-02-17 19:02:28.135000,ETHUSDT,1,9.719,1998.3,0.0,9.719,0.0,19421.4777
1771354949141,2026-02-17 19:02:29.141000,ETHUSDT,0,0.0,,0.0,0.0,0.0,0.0
1771354950146,2026-02-17 19:02:30.146000,ETHUSDT,0,0.0,,0.0,0.0,0.0,0.0
1771354951152,2026-02-17 19:02:31.152000,ETHUSDT,0,0.0,,0.0,0.0,0.0,0.0
1771354952156,2026-02-17 19:02:32.156000,ETHUSDT,0,0.0,,0.0,0.0,0.0,0.0
1771354953161,2026-02-17 19:02:33.161000,ETHUSDT,0,0.0,,0.0,0.0,0.0,0.0
1771354954166,2026-02-17 19:02:34.166000,ETHUSDT,2,6.328,1998.400047408344,0.003,6.325,5.9955,12639.880000000001
1771354955172,2026-02-17 19:02:35.172000,ETHUSDT,0,0.0,,0.0,0.0,0.0,0.0
1771354956174,2026-02-17 19:02:36.174000,ETHUSDT,1,10.962,1998.5999999999997,10.962,0.0,21908.653199999997,0.0
1771354957180,2026-02-17 19:02:37.180000,ETHUSDT,1,0.194,1998.7,0.194,0.0,387.74780000000004,0.0
1771354958185,2026-02-17 19:02:38.185000,ETHUSDT,1,0.01,1998.8,0.01,0.0,19.988,0.0
1771354959189,2026-02-17 19:02:39.189000,ETHUSDT,0,0.0,,0.0,0.0,0.0,0.0
1771354960193,2026-02-17 19:02:40.193000,ETHUSDT,1,3.296,1998.8,0.0,3.296,0.0,6588.0448
1771354961199,2026-02-17 19:02:41.199000,ETHUSDT,1,4.655,1999.0000000000002,0.0,4.655,0.0,9305.345000000001
1771354962205,2026-02-17 19:02:42.205000,ETHUSDT,0,0.0,,0.0,0.0,0.0,0.0
1771354963208,2026-02-17 19:02:43.208000,ETHUSDT,0,0.0,,0.0,0.0,0.0,0.0
1771354964213,2026-02-17 19:02:44.213000,ETHUSDT,1,0.043,1999.1000000000001,0.043,0.0,85.9613,0.0
1771354965218,2026-02-17 19:02:45.218000,ETHUSDT,0,0.0,,0.0,0.0,0.0,0.0
1771354966224,2026-02-17 19:02:46.224000,ETHUSDT,0,0.0,,0.0,0.0,0.0,0.0
1771354967227,2026-02-17 19:02:47.227000,ETHUSDT,0,0.0,,0.0,0.0,0.0,0.0
1771354968233,2026-02-17 19:02:48.233000,ETHUSDT,1,4.026,1999.3,4.026,0.0,8049.181799999999,0.0
1771354969236,2026-02-17 19:02:49.236000,ETHUSDT,0,0.0,,0.0,0.0,0.0,0.0
1771354970241,2026-02-17 19:02:50.241000,ETHUSDT,1,3.244,1999.3000000000002,0.0,3.244,0.0,6485.729200000001
1771354971246,2026-02-17 19:02:51.246000,ETHUSDT,1,5.67,1999.1,0.0,5.67,0.0,11334.896999999999
1771354972257,2026-02-17 19:02:52.257000,ETHUSDT,0,0.0,,0.0,0.0,0.0,0.0
1771354973266,2026-02-17 19:02:53.266000,ETHUSDT,1,3.335,1999.3,3.335,0.0,6667.6655,0.0
1771354974271,2026-02-17 19:02:54.271000,ETHUSDT,0,0.0,,0.0,0.0,0.0,0.0
1771354975274,2026-02-17 19:02:55.274000,ETHUSDT,0,0.0,,0.0,0.0,0.0,0.0
1771354976276,2026-02-17 19:02:56.276000,ETHUSDT,1,9.041,1998.5,0.0,9.041,0.0,18068.4385
1771354977282,2026-02-17 19:02:57.282000,ETHUSDT,1,0.003,1998.5,0.0,0.003,0.0,5.9955
1771354978292,2026-02-17 19:02:58.292000,ETHUSDT,0,0.0,,0.0,0.0,0.0,0.0
1771354993888,2026-02-17 19:03:13.888000,ETHUSDT,0,0.0,,0.0,0.0,0.0,0.0
1771354994892,2026-02-17 19:03:14.892000,ETHUSDT,0,0.0,,0.0,0.0,0.0,0.0
1771354995897,2026-02-17 19:03:15.897000,ETHUSDT,0,0.0,,0.0,0.0,0.0,0.0
1771354996901,2026-02-17 19:03:16.901000,ETHUSDT,0,0.0,,0.0,0.0,0.0,0.0
1771354997905,2026-02-17 19:03:17.905000,ETHUSDT,0,0.0,,0.0,0.0,0.0,0.0
1771354998911,2026-02-17 19:03:18.911000,ETHUSDT,0,0.0,,0.0,0.0,0.0,0.0
1771354999914,2026-02-17 19:03:19.914000,ETHUSDT,0,0.0,,0.0,0.0,0.0,0.0
1771355000916,2026-02-17 19:03:20.916000,ETHUSDT,0,0.0,,0.0,0.0,0.0,0.0
1771355001918,2026-02-17 19:03:21.918000,ETHUSDT,0,0.0,,0.0,0.0,0.0,0.0
1771355002931,2026-02-17 19:03:22.931000,ETHUSDT,0,0.0,,0.0,0.0,0.0,0.0
1771355003936,2026-02-17 19:03:23.936000,ETHUSDT,1,1.903,1999.8,1.903,0.0,3805.6194,0.0
1771355004939,2026-02-17 19:03:24.939000,ETHUSDT,1,2.539,1999.8000000000002,0.0,2.539,0.0,5077.492200000001
1771355005943,2026-02-17 19:03:25.943000,ETHUSDT,2,6.384,1999.8999530075191,6.384,0.0,12767.361300000002,0.0
1771355006947,2026-02-17 19:03:26.947000,ETHUSDT,0,0.0,,0.0,0.0,0.0,0.0
1771355007950,2026-02-17 19:03:27.950000,ETHUSDT,0,0.0,,0.0,0.0,0.0,0.0
1771355008955,2026-02-17 19:03:28.955000,ETHUSDT,0,0.0,,0.0,0.0,0.0,0.0
1771355009960,2026-02-17 19:03:29.960000,ETHUSDT,2,5.948,2000.4007229320782,0.043,5.905,86.02149999999999,11812.362000000001
1771355010966,2026-02-17 19:03:30.966000,ETHUSDT,0,0.0,,0.0,0.0,0.0,0.0
1771355011971,2026-02-17 19:03:31.971000,ETHUSDT,0,0.0,,0.0,0.0,0.0,0.0
1771355012973,2026-02-17 19:03:32.973000,ETHUSDT,1,3.146,2001.2,3.146,0.0,6295.7752,0.0
1771355013979,2026-02-17 19:03:33.979000,ETHUSDT,0,0.0,,0.0,0.0,0.0,0.0
1771355014985,2026-02-17 19:03:34.985000,ETHUSDT,1,6.983,2001.2,0.0,6.983,0.0,13974.3796
1771355015990,2026-02-17 19:03:35.990000,ETHUSDT,0,0.0,,0.0,0.0,0.0,0.0
1771355016993,2026-02-17 19:03:36.993000,ETHUSDT,0,0.0,,0.0,0.0,0.0,0.0
1771355017996,2026-02-17 19:03:37.996000,ETHUSDT,2,3.5869999999999997,2000.8242542514636,3.413,0.174,6828.7303999999995,348.22619999999995
1771355018999,2026-02-17 19:03:38.999000,ETHUSDT,0,0.0,,0.0,0.0,0.0,0.0
1771355020001,2026-02-17 19:03:40.001000,ETHUSDT,1,5.88,2000.4,5.88,0.0,11762.352,0.0
1771355021007,2026-02-17 19:03:41.007000,ETHUSDT,0,0.0,,0.0,0.0,0.0,0.0
1771355022009,2026-02-17 19:03:42.009000,ETHUSDT,0,0.0,,0.0,0.0,0.0,0.0
1771355023012,2026-02-17 19:03:43.012000,ETHUSDT,1,4.503,2000.1000000000001,0.0,4.503,0.0,9006.4503
1771355024015,2026-02-17 19:03:44.015000,ETHUSDT,0,0.0,,0.0,0.0,0.0,0.0
1771355025016,2026-02-17 19:03:45.016000,ETHUSDT,0,0.0,,0.0,0.0,0.0,0.0
1771355026017,2026-02-17 19:03:46.017000,ETHUSDT,1,4.497,1999.3,4.497,0.0,8990.8521,0.0
1771355027023,2026-02-17 19:03:47.023000,ETHUSDT,1,0.343,1999.6999999999998,0.0,0.343,0.0,685.8971
1771355028026,2026-02-17 19:03:48.026000,ETHUSDT,1,1.701,1999.2,0.0,1.701,0.0,3400.6392
1771355029029,2026-02-17 19:03:49.029000,ETHUSDT,0,0.0,,0.0,0.0,0.0,0.0
1771355030035,2026-02-17 19:03:50.035000,ETHUSDT,0,0.0,,0.0,0.0,0.0,0.0
1771355031040,2026-02-17 19:03:51.040000,ETHUSDT,0,0.0,,0.0,0.0,0.0,0.0
1771355032045,2026-02-17 19:03:52.045000,ETHUSDT,0,0.0,,0.0,0.0,0.0,0.0
1771355033051,2026-02-17 19:03:53.051000,ETHUSDT,0,0.0,,0.0,0.0,0.0,0.0
1771355034053,2026-02-17 19:03:54.053000,ETHUSDT,0,0.0,,0.0,0.0,0.0,0.0
1771355035058,2026-02-17 19:03:55.058000,ETHUSDT,0,0.0,,0.0,0.0,0.0,0.0
1771355036064,2026-02-17 19:03:56.064000,ETHUSDT,1,1.958,1999.6,0.0,1.958,0.0,3915.2167999999997
1771355037067,2026-02-17 19:03:57.067000,ETHUSDT,1,3.81,1999.6,0.0,3.81,0.0,7618.476
1771355038071,2026-02-17 19:03:58.071000,ETHUSDT,0,0.0,,0.0,0.0,0.0,0.0
1771355039077,2026-02-17 19:03:59.077000,ETHUSDT,0,0.0,,0.0,0.0,0.0,0.0
1771355040078,2026-02-17 19:04:00.078000,ETHUSDT,1,2.733,1999.6,2.733,0.0,5464.9068,0.0
1771355041081,2026-02-17 19:04:01.081000,ETHUSDT,0,0.0,,0.0,0.0,0.0,0.0
1771355042086,2026-02-17 19:04:02.086000,ETHUSDT,0,0.0,,0.0,0.0,0.0,0.0
1771355043090,2026-02-17 19:04:03.090000,ETHUSDT,0,0.0,,0.0,0.0,0.0,0.0
1771355044094,2026-02-17 19:04:04.094000,ETHUSDT,1,5.215,2001.0,5.215,0.0,10435.215,0.0
1771355045099,2026-02-17 19:04:05.099000,ETHUSDT,0,0.0,,0.0,0.0,0.0,0.0
1771355046118,2026-02-17 19:04:06.118000,ETHUSDT,0,0.0,,0.0,0.0,0.0,0.0
1771355047123,2026-02-17 19:04:07.123000,ETHUSDT,0,0.0,,0.0,0.0,0.0,0.0
1771355048128,2026-02-17 19:04:08.128000,ETHUSDT,0,0.0,,0.0,0.0,0.0,0.0
1771355049133,2026-02-17 19:04:09.133000,ETHUSDT,1,0.01,2000.7,0.0,0.01,0.0,20.007
1771355050138,2026-02-17 19:04:10.138000,ETHUSDT,1,2.588,2000.7,0.0,2.588,0.0,5177.8116
1771355051141,2026-02-17 19:04:11.141000,ETHUSDT,0,0.0,,0.0,0.0,0.0,0.0
1771355052146,2026-02-17 19:04:12.146000,ETHUSDT,0,0.0,,0.0,0.0,0.0,0.0
1771355053152,2026-02-17 19:04:13.152000,ETHUSDT,1,1.778,2000.9,1.778,0.0,3557.6002000000003,0.0
1771355054154,2026-02-17 19:04:14.154000,ETHUSDT,1,2.63,2000.3999999999999,0.0,2.63,0.0,5261.052
1771355055160,2026-02-17 19:04:15.160000,ETHUSDT,0,0.0,,0.0,0.0,0.0,0.0
1771355056163,2026-02-17 19:04:16.163000,ETHUSDT,1,1.607,2000.5,1.607,0.0,3214.8035,0.0
1771355057169,2026-02-17 19:04:17.169000,ETHUSDT,1,2.137,2000.6,0.0,2.137,0.0,4275.2822
1771355058175,2026-02-17 19:04:18.175000,ETHUSDT,0,0.0,,0.0,0.0,0.0,0.0
1771355059177,2026-02-17 19:04:19.177000,ETHUSDT,1,3.823,2000.6,3.823,0.0,7648.2937999999995,0.0
1771355060180,2026-02-17 19:04:20.180000,ETHUSDT,0,0.0,,0.0,0.0,0.0,0.0
1771355061185,2026-02-17 19:04:21.185000,ETHUSDT,0,0.0,,0.0,0.0,0.0,0.0
1771355062188,2026-02-17 19:04:22.188000,ETHUSDT,0,0.0,,0.0,0.0,0.0,0.0
1771355063192,2026-02-17 19:04:23.192000,ETHUSDT,0,0.0,,0.0,0.0,0.0,0.0
1771355064195,2026-02-17 19:04:24.195000,ETHUSDT,1,2.995,2000.5999999999997,2.995,0.0,5991.797,0.0
1771355065201,2026-02-17 19:04:25.201000,ETHUSDT,1,0.017,2000.5999999999997,0.0,0.017,0.0,34.0102
1771355066206,2026-02-17 19:04:26.206000,ETHUSDT,1,4.248,2000.3,0.0,4.248,0.0,8497.2744
1771355067208,2026-02-17 19:04:27.208000,ETHUSDT,1,0.003,2000.3,0.0,0.003,0.0,6.0009
1771355068213,2026-02-17 19:04:28.213000,ETHUSDT,0,0.0,,0.0,0.0,0.0,0.0
1771355069218,2026-02-17 19:04:29.218000,ETHUSDT,1,2.202,2000.3000000000002,2.202,0.0,4404.6606,0.0
1771355070222,2026-02-17 19:04:30.222000,ETHUSDT,0,0.0,,0.0,0.0,0.0,0.0
1771355071228,2026-02-17 19:04:31.228000,ETHUSDT,1,2.972,2000.8,2.972,0.0,5946.3776,0.0
1771355072233,2026-02-17 19:04:32.233000,ETHUSDT,0,0.0,,0.0,0.0,0.0,0.0
1771355073238,2026-02-17 19:04:33.238000,ETHUSDT,1,4.359,2001.0,0.0,4.359,0.0,8722.359
1771355074240,2026-02-17 19:04:34.240000,ETHUSDT,0,0.0,,0.0,0.0,0.0,0.0
1771355075243,2026-02-17 19:04:35.243000,ETHUSDT,0,0.0,,0.0,0.0,0.0,0.0
1771355076246,2026-02-17 19:04:36.246000,ETHUSDT,0,0.0,,0.0,0.0,0.0,0.0
1771355077248,2026-02-17 19:04:37.248000,ETHUSDT,1,3.729,2000.8,3.729,0.0,7460.9832,0.0
1771355078253,2026-02-17 19:04:38.253000,ETHUSDT,0,0.0,,0.0,0.0,0.0,0.0
1771355079255,2026-02-17 19:04:39.255000,ETHUSDT,0,0.0,,0.0,0.0,0.0,0.0
1771355080259,2026-02-17 19:04:40.259000,ETHUSDT,1,5.393,2000.5,0.0,5.393,0.0,10788.6965
1771355081262,2026-02-17 19:04:41.262000,ETHUSDT,0,0.0,,0.0,0.0,0.0,0.0
1771355082266,2026-02-17 19:04:42.266000,ETHUSDT,1,0.002,2000.5000000000002,0.0,0.002,0.0,4.001
1771355083269,2026-02-17 19:04:43.269000,ETHUSDT,0,0.0,,0.0,0.0,0.0,0.0
1771355084272,2026-02-17 19:04:44.272000,ETHUSDT,1,1.849,2000.5,1.849,0.0,3698.9245,0.0
1771355085277,2026-02-17 19:04:45.277000,ETHUSDT,0,0.0,,0.0,0.0,0.0,0.0
1771355086280,2026-02-17 19:04:46.280000,ETHUSDT,0,0.0,,0.0,0.0,0.0,0.0
1771355087285,2026-02-17 19:04:47.285000,ETHUSDT,1,4.802,2000.8000000000002,0.0,4.802,0.0,9607.8416
1771355088291,2026-02-17 19:04:48.291000,ETHUSDT,0,0.0,,0.0,0.0,0.0,0.0
1771355089292,2026-02-17 19:04:49.292000,ETHUSDT,0,0.0,,0.0,0.0,0.0,0.0
1771355090298,2026-02-17 19:04:50.298000,ETHUSDT,0,0.0,,0.0,0.0,0.0,0.0
1771355091305,2026-02-17 19:04:51.305000,ETHUSDT,1,3.152,2000.4000000000003,3.152,0.0,6305.260800000001,0.0
1771355092307,2026-02-17 19:04:52.307000,ETHUSDT,0,0.0,,0.0,0.0,0.0,0.0
1771355093309,2026-02-17 19:04:53.309000,ETHUSDT,1,3.019,2000.4,3.019,0.0,6039.207600000001,0.0
1771355094315,2026-02-17 19:04:54.315000,ETHUSDT,1,0.002,2000.3999999999999,0.0,0.002,0.0,4.0008
1771355095321,2026-02-17 19:04:55.321000,ETHUSDT,1,4.347,2000.4,0.0,4.347,0.0,8695.738800000001
1771355096322,2026-02-17 19:04:56.322000,ETHUSDT,0,0.0,,0.0,0.0,0.0,0.0
1771355097324,2026-02-17 19:04:57.324000,ETHUSDT,0,0.0,,0.0,0.0,0.0,0.0
1771355098326,2026-02-17 19:04:58.326000,ETHUSDT,1,4.131,2000.3000000000002,4.131,0.0,8263.239300000001,0.0
1771355099328,2026-02-17 19:04:59.328000,ETHUSDT,0,0.0,,0.0,0.0,0.0,0.0
1771355100329,2026-02-17 19:05:00.329000,ETHUSDT,0,0.0,,0.0,0.0,0.0,0.0
1771355101331,2026-02-17 19:05:01.331000,ETHUSDT,1,1.886,2000.3,0.0,1.886,0.0,3772.5658
1771355102337,2026-02-17 19:05:02.337000,ETHUSDT,0,0.0,,0.0,0.0,0.0,0.0
1771355103343,2026-02-17 19:05:03.343000,ETHUSDT,1,3.605,2000.0,0.0,3.605,0.0,7210.0
1771355104346,2026-02-17 19:05:04.346000,ETHUSDT,0,0.0,,0.0,0.0,0.0,0.0
1771355105352,2026-02-17 19:05:05.352000,ETHUSDT,1,2.744,1999.5,2.744,0.0,5486.628000000001,0.0
1771355106358,2026-02-17 19:05:06.358000,ETHUSDT,1,0.002,1999.8,0.0,0.002,0.0,3.9996
1771355107364,2026-02-17 19:05:07.364000,ETHUSDT,1,4.94,1999.5999999999997,4.94,0.0,9878.024,0.0
1771355108365,2026-02-17 19:05:08.365000,ETHUSDT,0,0.0,,0.0,0.0,0.0,0.0
1771355109371,2026-02-17 19:05:09.371000,ETHUSDT,0,0.0,,0.0,0.0,0.0,0.0
1771355110376,2026-02-17 19:05:10.376000,ETHUSDT,0,0.0,,0.0,0.0,0.0,0.0
1771355111381,2026-02-17 19:05:11.381000,ETHUSDT,3,2.681,2000.0226781051847,0.403,2.278,806.0608,4556.0
1771355112386,2026-02-17 19:05:12.386000,ETHUSDT,0,0.0,,0.0,0.0,0.0,0.0
1771355113392,2026-02-17 19:05:13.392000,ETHUSDT,0,0.0,,0.0,0.0,0.0,0.0
1771355114395,2026-02-17 19:05:14.395000,ETHUSDT,0,0.0,,0.0,0.0,0.0,0.0
1771355115401,2026-02-17 19:05:15.401000,ETHUSDT,1,1.708,2000.4,1.708,0.0,3416.6832,0.0
1771355116407,2026-02-17 19:05:16.407000,ETHUSDT,1,4.037,2000.4,0.0,4.037,0.0,8075.6148
1771355117410,2026-02-17 19:05:17.410000,ETHUSDT,0,0.0,,0.0,0.0,0.0,0.0
1771355118415,2026-02-17 19:05:18.415000,ETHUSDT,1,0.002,2000.7,0.0,0.002,0.0,4.0014
1771355119420,2026-02-17 19:05:19.420000,ETHUSDT,1,4.076,2000.7,4.076,0.0,8154.8532,0.0
1771355120426,2026-02-17 19:05:20.426000,ETHUSDT,0,0.0,,0.0,0.0,0.0,0.0
1771355121429,2026-02-17 19:05:21.429000,ETHUSDT,0,0.0,,0.0,0.0,0.0,0.0
1771355122433,2026-02-17 19:05:22.433000,ETHUSDT,0,0.0,,0.0,0.0,0.0,0.0
1771355123435,2026-02-17 19:05:23.435000,ETHUSDT,0,0.0,,0.0,0.0,0.0,0.0
1771355124439,2026-02-17 19:05:24.439000,ETHUSDT,1,2.757,2000.4999999999998,2.757,0.0,5515.3785,0.0
1771355125444,2026-02-17 19:05:25.444000,ETHUSDT,0,0.0,,0.0,0.0,0.0,0.0
1771355126446,2026-02-17 19:05:26.446000,ETHUSDT,1,3.606,2000.5,3.606,0.0,7213.803,0.0
1771355127450,2026-02-17 19:05:27.450000,ETHUSDT,0,0.0,,0.0,0.0,0.0,0.0
1771355128455,2026-02-17 19:05:28.455000,ETHUSDT,1,4.575,2000.5,0.0,4.575,0.0,9152.2875
1771355129460,2026-02-17 19:05:29.460000,ETHUSDT,0,0.0,,0.0,0.0,0.0,0.0
1771355130465,2026-02-17 19:05:30.465000,ETHUSDT,1,0.002,2000.5000000000002,0.0,0.002,0.0,4.001
1771355131471,2026-02-17 19:05:31.471000,ETHUSDT,1,5.303,2000.8,5.303,0.0,10610.2424,0.0
1771355132477,2026-02-17 19:05:32.477000,ETHUSDT,0,0.0,,0.0,0.0,0.0,0.0
1771355133482,2026-02-17 19:05:33.482000,ETHUSDT,0,0.0,,0.0,0.0,0.0,0.0
1771355134487,2026-02-17 19:05:34.487000,ETHUSDT,0,0.0,,0.0,0.0,0.0,0.0
1771355135492,2026-02-17 19:05:35.492000,ETHUSDT,1,4.58,2001.1000000000001,0.0,4.58,0.0,9165.038
1771355136497,2026-02-17 19:05:36.497000,ETHUSDT,1,1.325,2001.3,0.0,1.325,0.0,2651.7225
1771355137502,2026-02-17 19:05:37.502000,ETHUSDT,0,0.0,,0.0,0.0,0.0,0.0
1771355138508,2026-02-17 19:05:38.508000,ETHUSDT,0,0.0,,0.0,0.0,0.0,0.0
1771355139514,2026-02-17 19:05:39.514000,ETHUSDT,0,0.0,,0.0,0.0,0.0,0.0
1771355140520,2026-02-17 19:05:40.520000,ETHUSDT,1,4.875,2001.0,0.0,4.875,0.0,9754.875
1771355141525,2026-02-17 19:05:41.525000,ETHUSDT,0,0.0,,0.0,0.0,0.0,0.0
1771355142531,2026-02-17 19:05:42.531000,ETHUSDT,1,0.002,2000.9999999999998,0.0,0.002,0.0,4.002
1771355143535,2026-02-17 19:05:43.535000,ETHUSDT,0,0.0,,0.0,0.0,0.0,0.0
1771355144541,2026-02-17 19:05:44.541000,ETHUSDT,1,2.443,2000.7999999999997,2.443,0.0,4887.9544,0.0
1771355145542,2026-02-17 19:05:45.542000,ETHUSDT,0,0.0,,0.0,0.0,0.0,0.0
1771355146546,2026-02-17 19:05:46.546000,ETHUSDT,0,0.0,,0.0,0.0,0.0,0.0
1771355147551,2026-02-17 19:05:47.551000,ETHUSDT,0,0.0,,0.0,0.0,0.0,0.0
1771355148555,2026-02-17 19:05:48.555000,ETHUSDT,0,0.0,,0.0,0.0,0.0,0.0
1771355149559,2026-02-17 19:05:49.559000,ETHUSDT,0,0.0,,0.0,0.0,0.0,0.0
1771355150563,2026-02-17 19:05:50.563000,ETHUSDT,0,0.0,,0.0,0.0,0.0,0.0
1771355151567,2026-02-17 19:05:51.567000,ETHUSDT,0,0.0,,0.0,0.0,0.0,0.0
1771355152572,2026-02-17 19:05:52.572000,ETHUSDT,0,0.0,,0.0,0.0,0.0,0.0
1771355153576,2026-02-17 19:05:53.576000,ETHUSDT,0,0.0,,0.0,0.0,0.0,0.0
1771355154580,2026-02-17 19:05:54.580000,ETHUSDT,1,0.002,1999.9,0.0,0.002,0.0,3.9998000000000005
1771355155586,2026-02-17 19:05:55.586000,ETHUSDT,0,0.0,,0.0,0.0,0.0,0.0
1771355156591,2026-02-17 19:05:56.591000,ETHUSDT,1,0.294,1999.9,0.0,0.294,0.0,587.9706
1771355157596,2026-02-17 19:05:57.596000,ETHUSDT,0,0.0,,0.0,0.0,0.0,0.0
1771355158603,2026-02-17 19:05:58.603000,ETHUSDT,0,0.0,,0.0,0.0,0.0,0.0
1771355159608,2026-02-17 19:05:59.608000,ETHUSDT,0,0.0,,0.0,0.0,0.0,0.0
1771355160613,2026-02-17 19:06:00.613000,ETHUSDT,1,2.459,2000.2000000000003,2.459,0.0,4918.491800000001,0.0
1771355161619,2026-02-17 19:06:01.619000,ETHUSDT,0,0.0,,0.0,0.0,0.0,0.0
1771355162625,2026-02-17 19:06:02.625000,ETHUSDT,1,3.606,2001.0,0.0,3.606,0.0,7215.606
1771355163630,2026-02-17 19:06:03.630000,ETHUSDT,0,0.0,,0.0,0.0,0.0,0.0
1771355164633,2026-02-17 19:06:04.633000,ETHUSDT,1,0.194,2001.4,0.194,0.0,388.27160000000003,0.0
1771355165638,2026-02-17 19:06:05.638000,ETHUSDT,0,0.0,,0.0,0.0,0.0,0.0
1771355166643,2026-02-17 19:06:06.643000,ETHUSDT,0,0.0,,0.0,0.0,0.0,0.0
1771355167647,2026-02-17 19:06:07.647000,ETHUSDT,0,0.0,,0.0,0.0,0.0,0.0
1771355168651,2026-02-17 19:06:08.651000,ETHUSDT,0,0.0,,0.0,0.0,0.0,0.0
1771355169655,2026-02-17 19:06:09.655000,ETHUSDT,0,0.0,,0.0,0.0,0.0,0.0
1771355170659,2026-02-17 19:06:10.659000,ETHUSDT,0,0.0,,0.0,0.0,0.0,0.0
1771355171661,2026-02-17 19:06:11.661000,ETHUSDT,0,0.0,,0.0,0.0,0.0,0.0
1771355172667,2026-02-17 19:06:12.667000,ETHUSDT,1,5.78,2001.3000000000002,0.0,5.78,0.0,11567.514000000001
1771355173673,2026-02-17 19:06:13.673000,ETHUSDT,0,0.0,,0.0,0.0,0.0,0.0
1771355174678,2026-02-17 19:06:14.678000,ETHUSDT,0,0.0,,0.0,0.0,0.0,0.0
1771355175679,2026-02-17 19:06:15.679000,ETHUSDT,0,0.0,,0.0,0.0,0.0,0.0
1771355176681,2026-02-17 19:06:16.681000,ETHUSDT,0,0.0,,0.0,0.0,0.0,0.0
1771355177685,2026-02-17 19:06:17.685000,ETHUSDT,0,0.0,,0.0,0.0,0.0,0.0
1771355178690,2026-02-17 19:06:18.690000,ETHUSDT,1,0.002,2000.6,0.0,0.002,0.0,4.0012
1771355179695,2026-02-17 19:06:19.695000,ETHUSDT,0,0.0,,0.0,0.0,0.0,0.0
1771355180701,2026-02-17 19:06:20.701000,ETHUSDT,1,3.434,2000.0,3.434,0.0,6868.0,0.0
1771355181707,2026-02-17 19:06:21.707000,ETHUSDT,1,0.194,2000.0,0.0,0.194,0.0,388.0
1771355182710,2026-02-17 19:06:22.710000,ETHUSDT,0,0.0,,0.0,0.0,0.0,0.0
1771355183712,2026-02-17 19:06:23.712000,ETHUSDT,0,0.0,,0.0,0.0,0.0,0.0
1771355184714,2026-02-17 19:06:24.714000,ETHUSDT,0,0.0,,0.0,0.0,0.0,0.0
1771355185718,2026-02-17 19:06:25.718000,ETHUSDT,0,0.0,,0.0,0.0,0.0,0.0
1771355186719,2026-02-17 19:06:26.719000,ETHUSDT,1,4.614,2000.0,4.614,0.0,9228.0,0.0
1771355187724,2026-02-17 19:06:27.724000,ETHUSDT,0,0.0,,0.0,0.0,0.0,0.0
1771355188736,2026-02-17 19:06:28.736000,ETHUSDT,0,0.0,,0.0,0.0,0.0,0.0
1771355189741,2026-02-17 19:06:29.741000,ETHUSDT,1,2.121,1999.7999999999997,0.0,2.121,0.0,4241.5758
1771355190743,2026-02-17 19:06:30.743000,ETHUSDT,1,0.002,1999.8,0.0,0.002,0.0,3.9996
1771355191749,2026-02-17 19:06:31.749000,ETHUSDT,1,5.553,2000.2,0.0,5.553,0.0,11107.1106
1771355192749,2026-02-17 19:06:32.749000,ETHUSDT,0,0.0,,0.0,0.0,0.0,0.0
1771355193754,2026-02-17 19:06:33.754000,ETHUSDT,0,0.0,,0.0,0.0,0.0,0.0
1771355194755,2026-02-17 19:06:34.755000,ETHUSDT,0,0.0,,0.0,0.0,0.0,0.0
1771355195759,2026-02-17 19:06:35.759000,ETHUSDT,0,0.0,,0.0,0.0,0.0,0.0
1771355196765,2026-02-17 19:06:36.765000,ETHUSDT,0,0.0,,0.0,0.0,0.0,0.0
1771355197767,2026-02-17 19:06:37.767000,ETHUSDT,0,0.0,,0.0,0.0,0.0,0.0
1771355198772,2026-02-17 19:06:38.772000,ETHUSDT,0,0.0,,0.0,0.0,0.0,0.0
1771355199777,2026-02-17 19:06:39.777000,ETHUSDT,0,0.0,,0.0,0.0,0.0,0.0
1771355200782,2026-02-17 19:06:40.782000,ETHUSDT,0,0.0,,0.0,0.0,0.0,0.0
1771355201784,2026-02-17 19:06:41.784000,ETHUSDT,2,2.798,2000.6,2.339,0.459,4679.4034,918.2754
1771355202788,2026-02-17 19:06:42.788000,ETHUSDT,1,0.002,2000.6,0.0,0.002,0.0,4.0012
1771355203792,2026-02-17 19:06:43.792000,ETHUSDT,1,4.618,2000.6,4.618,0.0,9238.7708,0.0
1771355204797,2026-02-17 19:06:44.797000,ETHUSDT,0,0.0,,0.0,0.0,0.0,0.0
1771355205803,2026-02-17 19:06:45.803000,ETHUSDT,1,0.131,2001.0000000000002,0.131,0.0,262.13100000000003,0.0
1771355206807,2026-02-17 19:06:46.807000,ETHUSDT,0,0.0,,0.0,0.0,0.0,0.0
1771355207809,2026-02-17 19:06:47.809000,ETHUSDT,1,1.72,2001.1,0.0,1.72,0.0,3441.892
1771355208810,2026-02-17 19:06:48.810000,ETHUSDT,1,4.573,2000.6,0.0,4.573,0.0,9148.7438
1771355209813,2026-02-17 19:06:49.813000,ETHUSDT,0,0.0,,0.0,0.0,0.0,0.0
1771355210818,2026-02-17 19:06:50.818000,ETHUSDT,0,0.0,,0.0,0.0,0.0,0.0
1771355211822,2026-02-17 19:06:51.822000,ETHUSDT,0,0.0,,0.0,0.0,0.0,0.0
1771355212827,2026-02-17 19:06:52.827000,ETHUSDT,0,0.0,,0.0,0.0,0.0,0.0
1771355213833,2026-02-17 19:06:53.833000,ETHUSDT,0,0.0,,0.0,0.0,0.0,0.0
1771355214837,2026-02-17 19:06:54.837000,ETHUSDT,0,0.0,,0.0,0.0,0.0,0.0
1771355215838,2026-02-17 19:06:55.838000,ETHUSDT,0,0.0,,0.0,0.0,0.0,0.0
1771355216842,2026-02-17 19:06:56.842000,ETHUSDT,1,2.336,1998.7000000000003,2.336,0.0,4668.9632,0.0
1771355217845,2026-02-17 19:06:57.845000,ETHUSDT,0,0.0,,0.0,0.0,0.0,0.0
1771355218850,2026-02-17 19:06:58.850000,ETHUSDT,1,4.261,1998.5,0.0,4.261,0.0,8515.6085
1771355219854,2026-02-17 19:06:59.854000,ETHUSDT,1,0.003,1998.8000000000002,0.003,0.0,5.9964,0.0
1771355220860,2026-02-17 19:07:00.860000,ETHUSDT,1,0.002,1998.8,0.002,0.0,3.9976,0.0
1771355221866,2026-02-17 19:07:01.866000,ETHUSDT,1,2.841,1998.9,2.841,0.0,5678.874900000001,0.0
1771355222871,2026-02-17 19:07:02.871000,ETHUSDT,0,0.0,,0.0,0.0,0.0,0.0
1771355223875,2026-02-17 19:07:03.875000,ETHUSDT,1,4.402,1999.3000000000002,4.402,0.0,8800.9186,0.0
1771355224878,2026-02-17 19:07:04.878000,ETHUSDT,0,0.0,,0.0,0.0,0.0,0.0
1771355225884,2026-02-17 19:07:05.884000,ETHUSDT,0,0.0,,0.0,0.0,0.0,0.0
1771355226890,2026-02-17 19:07:06.890000,ETHUSDT,0,0.0,,0.0,0.0,0.0,0.0
1771355227895,2026-02-17 19:07:07.895000,ETHUSDT,0,0.0,,0.0,0.0,0.0,0.0
1771355228897,2026-02-17 19:07:08.897000,ETHUSDT,0,0.0,,0.0,0.0,0.0,0.0
1771355229900,2026-02-17 19:07:09.900000,ETHUSDT,0,0.0,,0.0,0.0,0.0,0.0
1771355230906,2026-02-17 19:07:10.906000,ETHUSDT,0,0.0,,0.0,0.0,0.0,0.0
1771355231910,2026-02-17 19:07:11.910000,ETHUSDT,1,0.507,1999.7,0.507,0.0,1013.8479,0.0
1771355232916,2026-02-17 19:07:12.916000,ETHUSDT,0,0.0,,0.0,0.0,0.0,0.0
1771355233922,2026-02-17 19:07:13.922000,ETHUSDT,1,4.422,1999.9000000000003,4.422,0.0,8843.5578,0.0
1771355234926,2026-02-17 19:07:14.926000,ETHUSDT,0,0.0,,0.0,0.0,0.0,0.0
1771355235927,2026-02-17 19:07:15.927000,ETHUSDT,0,0.0,,0.0,0.0,0.0,0.0
1771355236930,2026-02-17 19:07:16.930000,ETHUSDT,0,0.0,,0.0,0.0,0.0,0.0
1771355237932,2026-02-17 19:07:17.932000,ETHUSDT,1,4.166,2000.1,0.0,4.166,0.0,8332.4166
1771355238937,2026-02-17 19:07:18.937000,ETHUSDT,0,0.0,,0.0,0.0,0.0,0.0
1771355239939,2026-02-17 19:07:19.939000,ETHUSDT,0,0.0,,0.0,0.0,0.0,0.0
1771355240944,2026-02-17 19:07:20.944000,ETHUSDT,2,6.2330000000000005,2000.1999999999998,3.96,2.273,7920.792,4546.4546
1771355241949,2026-02-17 19:07:21.949000,ETHUSDT,0,0.0,,0.0,0.0,0.0,0.0
1771355242951,2026-02-17 19:07:22.951000,ETHUSDT,0,0.0,,0.0,0.0,0.0,0.0
1771355243955,2026-02-17 19:07:23.955000,ETHUSDT,0,0.0,,0.0,0.0,0.0,0.0
1771355244956,2026-02-17 19:07:24.956000,ETHUSDT,0,0.0,,0.0,0.0,0.0,0.0
1771355245960,2026-02-17 19:07:25.960000,ETHUSDT,1,0.043,2000.5,0.043,0.0,86.02149999999999,0.0
1771355246984,2026-02-17 19:07:26.984000,ETHUSDT,0,0.0,,0.0,0.0,0.0,0.0
1771355247989,2026-02-17 19:07:27.989000,ETHUSDT,0,0.0,,0.0,0.0,0.0,0.0
1771355248994,2026-02-17 19:07:28.994000,ETHUSDT,0,0.0,,0.0,0.0,0.0,0.0
1771355249999,2026-02-17 19:07:29.999000,ETHUSDT,1,1.715,2001.1,0.0,1.715,0.0,3431.8865
1771355251005,2026-02-17 19:07:31.005000,ETHUSDT,0,0.0,,0.0,0.0,0.0,0.0
1771355252008,2026-02-17 19:07:32.008000,ETHUSDT,1,3.07,2001.1,3.07,0.0,6143.3769999999995,0.0
1771355253010,2026-02-17 19:07:33.010000,ETHUSDT,0,0.0,,0.0,0.0,0.0,0.0
1771355254013,2026-02-17 19:07:34.013000,ETHUSDT,0,0.0,,0.0,0.0,0.0,0.0
1771355255017,2026-02-17 19:07:35.017000,ETHUSDT,0,0.0,,0.0,0.0,0.0,0.0
1771355256022,2026-02-17 19:07:36.022000,ETHUSDT,0,0.0,,0.0,0.0,0.0,0.0
1771355257023,2026-02-17 19:07:37.023000,ETHUSDT,1,1.626,2000.9,1.626,0.0,3253.4634,0.0
1771355258028,2026-02-17 19:07:38.028000,ETHUSDT,0,0.0,,0.0,0.0,0.0,0.0
1771355259029,2026-02-17 19:07:39.029000,ETHUSDT,0,0.0,,0.0,0.0,0.0,0.0
1771355260033,2026-02-17 19:07:40.033000,ETHUSDT,0,0.0,,0.0,0.0,0.0,0.0
1771355261038,2026-02-17 19:07:41.038000,ETHUSDT,1,4.0,2001.4,4.0,0.0,8005.6,0.0
1771355262042,2026-02-17 19:07:42.042000,ETHUSDT,1,4.688,2001.6000000000001,4.688,0.0,9383.5008,0.0
1771355263048,2026-02-17 19:07:43.048000,ETHUSDT,0,0.0,,0.0,0.0,0.0,0.0
1771355264050,2026-02-17 19:07:44.050000,ETHUSDT,1,3.443,2001.3000000000002,3.443,0.0,6890.4759,0.0
1771355265053,2026-02-17 19:07:45.053000,ETHUSDT,0,0.0,,0.0,0.0,0.0,0.0
1771355266059,2026-02-17 19:07:46.059000,ETHUSDT,0,0.0,,0.0,0.0,0.0,0.0
1771355267065,2026-02-17 19:07:47.065000,ETHUSDT,1,3.195,2001.4,3.195,0.0,6394.473,0.0
1771355268068,2026-02-17 19:07:48.068000,ETHUSDT,0,0.0,,0.0,0.0,0.0,0.0
1771355269074,2026-02-17 19:07:49.074000,ETHUSDT,1,3.848,2001.7,0.0,3.848,0.0,7702.5416
1771355270078,2026-02-17 19:07:50.078000,ETHUSDT,0,0.0,,0.0,0.0,0.0,0.0
1771355271083,2026-02-17 19:07:51.083000,ETHUSDT,0,0.0,,0.0,0.0,0.0,0.0
1771355272088,2026-02-17 19:07:52.088000,ETHUSDT,1,0.758,2001.8,0.758,0.0,1517.3644,0.0
1771355273096,2026-02-17 19:07:53.096000,ETHUSDT,0,0.0,,0.0,0.0,0.0,0.0
1771355274096,2026-02-17 19:07:54.096000,ETHUSDT,0,0.0,,0.0,0.0,0.0,0.0
1771355275097,2026-02-17 19:07:55.097000,ETHUSDT,0,0.0,,0.0,0.0,0.0,0.0
1771355276102,2026-02-17 19:07:56.102000,ETHUSDT,1,6.144,2001.7,6.144,0.0,12298.444800000001,0.0
1771355277107,2026-02-17 19:07:57.107000,ETHUSDT,1,0.017,2001.5,0.0,0.017,0.0,34.0255
1771355278108,2026-02-17 19:07:58.108000,ETHUSDT,0,0.0,,0.0,0.0,0.0,0.0
1771355279114,2026-02-17 19:07:59.114000,ETHUSDT,0,0.0,,0.0,0.0,0.0,0.0
1771355280117,2026-02-17 19:08:00.117000,ETHUSDT,1,2.657,2001.6,0.0,2.657,0.0,5318.2512
1771355281123,2026-02-17 19:08:01.123000,ETHUSDT,0,0.0,,0.0,0.0,0.0,0.0
1771355282128,2026-02-17 19:08:02.128000,ETHUSDT,0,0.0,,0.0,0.0,0.0,0.0
1771355283130,2026-02-17 19:08:03.130000,ETHUSDT,0,0.0,,0.0,0.0,0.0,0.0
1771355284136,2026-02-17 19:08:04.136000,ETHUSDT,1,3.96,2001.3,0.0,3.96,0.0,7925.148
1771355285138,2026-02-17 19:08:05.138000,ETHUSDT,0,0.0,,0.0,0.0,0.0,0.0
1771355286142,2026-02-17 19:08:06.142000,ETHUSDT,1,0.002,2001.4000000000003,0.002,0.0,4.002800000000001,0.0
1771355287147,2026-02-17 19:08:07.147000,ETHUSDT,0,0.0,,0.0,0.0,0.0,0.0
1771355288151,2026-02-17 19:08:08.151000,ETHUSDT,0,0.0,,0.0,0.0,0.0,0.0
1771355289155,2026-02-17 19:08:09.155000,ETHUSDT,1,5.727,2001.0,5.727,0.0,11459.727,0.0
1771355290156,2026-02-17 19:08:10.156000,ETHUSDT,0,0.0,,0.0,0.0,0.0,0.0
1771355291161,2026-02-17 19:08:11.161000,ETHUSDT,1,0.003,2001.5,0.003,0.0,6.0045,0.0
1771355292167,2026-02-17 19:08:12.167000,ETHUSDT,0,0.0,,0.0,0.0,0.0,0.0
1771355293167,2026-02-17 19:08:13.167000,ETHUSDT,0,0.0,,0.0,0.0,0.0,0.0
1771355294172,2026-02-17 19:08:14.172000,ETHUSDT,0,0.0,,0.0,0.0,0.0,0.0
1771355295178,2026-02-17 19:08:15.178000,ETHUSDT,0,0.0,,0.0,0.0,0.0,0.0
1771355296179,2026-02-17 19:08:16.179000,ETHUSDT,1,6.001,2001.1,6.001,0.0,12008.6011,0.0
1771355297182,2026-02-17 19:08:17.182000,ETHUSDT,0,0.0,,0.0,0.0,0.0,0.0
1771355298187,2026-02-17 19:08:18.187000,ETHUSDT,2,2.002,2000.7999000999002,2.0,0.002,4001.6,4.0014
1771355299196,2026-02-17 19:08:19.196000,ETHUSDT,1,4.782,2000.8999999999999,0.0,4.782,0.0,9568.3038
1771355300200,2026-02-17 19:08:20.200000,ETHUSDT,0,0.0,,0.0,0.0,0.0,0.0
1771355301202,2026-02-17 19:08:21.202000,ETHUSDT,0,0.0,,0.0,0.0,0.0,0.0
1771355302207,2026-02-17 19:08:22.207000,ETHUSDT,0,0.0,,0.0,0.0,0.0,0.0
1771355303211,2026-02-17 19:08:23.211000,ETHUSDT,1,2.082,2000.4999999999998,2.082,0.0,4165.040999999999,0.0
1771355304213,2026-02-17 19:08:24.213000,ETHUSDT,1,7.934,2000.3,0.0,7.934,0.0,15870.3802
1771355305218,2026-02-17 19:08:25.218000,ETHUSDT,1,0.194,2000.0,0.0,0.194,0.0,388.0
1771355306221,2026-02-17 19:08:26.221000,ETHUSDT,0,0.0,,0.0,0.0,0.0,0.0
1771355307225,2026-02-17 19:08:27.225000,ETHUSDT,0,0.0,,0.0,0.0,0.0,0.0
1771355308230,2026-02-17 19:08:28.230000,ETHUSDT,1,5.199,1999.9,5.199,0.0,10397.4801,0.0
1771355309235,2026-02-17 19:08:29.235000,ETHUSDT,0,0.0,,0.0,0.0,0.0,0.0
1771355310240,2026-02-17 19:08:30.240000,ETHUSDT,2,4.713,1999.7000000000005,4.711,0.002,9420.586700000002,3.9994
1771355311242,2026-02-17 19:08:31.242000,ETHUSDT,0,0.0,,0.0,0.0,0.0,0.0
1771355312246,2026-02-17 19:08:32.246000,ETHUSDT,1,10.034,2000.1,0.0,10.034,0.0,20069.0034
1771355313250,2026-02-17 19:08:33.250000,ETHUSDT,0,0.0,,0.0,0.0,0.0,0.0
1771355314251,2026-02-17 19:08:34.251000,ETHUSDT,0,0.0,,0.0,0.0,0.0,0.0
1771355315251,2026-02-17 19:08:35.251000,ETHUSDT,0,0.0,,0.0,0.0,0.0,0.0
1771355316257,2026-02-17 19:08:36.257000,ETHUSDT,1,4.636,2000.7000000000003,4.636,0.0,9275.245200000001,0.0
1771355317259,2026-02-17 19:08:37.259000,ETHUSDT,1,0.403,2000.6999999999998,0.0,0.403,0.0,806.2821
1771355318264,2026-02-17 19:08:38.264000,ETHUSDT,0,0.0,,0.0,0.0,0.0,0.0
1771355319265,2026-02-17 19:08:39.265000,ETHUSDT,0,0.0,,0.0,0.0,0.0,0.0
1771355320271,2026-02-17 19:08:40.271000,ETHUSDT,1,8.684,2000.4999999999998,0.0,8.684,0.0,17372.341999999997
1771355321275,2026-02-17 19:08:41.275000,ETHUSDT,0,0.0,,0.0,0.0,0.0,0.0
1771355322280,2026-02-17 19:08:42.280000,ETHUSDT,0,0.0,,0.0,0.0,0.0,0.0
1771355323284,2026-02-17 19:08:43.284000,ETHUSDT,1,6.591,1999.7,6.591,0.0,13180.022700000001,0.0
1771355324289,2026-02-17 19:08:44.289000,ETHUSDT,0,0.0,,0.0,0.0,0.0,0.0
1771355325294,2026-02-17 19:08:45.294000,ETHUSDT,1,0.003,1999.7,0.0,0.003,0.0,5.9991
1771355326296,2026-02-17 19:08:46.296000,ETHUSDT,1,7.679,1999.9,0.0,7.679,0.0,15357.232100000001
1771355327301,2026-02-17 19:08:47.301000,ETHUSDT,0,0.0,,0.0,0.0,0.0,0.0
1771355328305,2026-02-17 19:08:48.305000,ETHUSDT,0,0.0,,0.0,0.0,0.0,0.0
1771355329307,2026-02-17 19:08:49.307000,ETHUSDT,0,0.0,,0.0,0.0,0.0,0.0
1771355330313,2026-02-17 19:08:50.313000,ETHUSDT,1,6.202,2000.1,6.202,0.0,12404.6202,0.0
1771355331316,2026-02-17 19:08:51.316000,ETHUSDT,0,0.0,,0.0,0.0,0.0,0.0
1771355332321,2026-02-17 19:08:52.321000,ETHUSDT,0,0.0,,0.0,0.0,0.0,0.0
1771355333325,2026-02-17 19:08:53.325000,ETHUSDT,0,0.0,,0.0,0.0,0.0,0.0
1771355334326,2026-02-17 19:08:54.326000,ETHUSDT,0,0.0,,0.0,0.0,0.0,0.0
1771355335331,2026-02-17 19:08:55.331000,ETHUSDT,0,0.0,,0.0,0.0,0.0,0.0
1771355336337,2026-02-17 19:08:56.337000,ETHUSDT,2,2.311,2000.0002596278669,2.311,0.0,4622.0006,0.0
1771355337342,2026-02-17 19:08:57.342000,ETHUSDT,0,0.0,,0.0,0.0,0.0,0.0
1771355338347,2026-02-17 19:08:58.347000,ETHUSDT,0,0.0,,0.0,0.0,0.0,0.0
1771355339349,2026-02-17 19:08:59.349000,ETHUSDT,0,0.0,,0.0,0.0,0.0,0.0
1771355340351,2026-02-17 19:09:00.351000,ETHUSDT,1,6.887,2000.7,6.887,0.0,13778.820899999999,0.0
1771355341354,2026-02-17 19:09:01.354000,ETHUSDT,1,0.113,2000.7,0.0,0.113,0.0,226.0791
1771355342356,2026-02-17 19:09:02.356000,ETHUSDT,0,0.0,,0.0,0.0,0.0,0.0
1771355343359,2026-02-17 19:09:03.359000,ETHUSDT,0,0.0,,0.0,0.0,0.0,0.0
1771355344362,2026-02-17 19:09:04.362000,ETHUSDT,0,0.0,,0.0,0.0,0.0,0.0
1771355345367,2026-02-17 19:09:05.367000,ETHUSDT,0,0.0,,0.0,0.0,0.0,0.0
1771355346368,2026-02-17 19:09:06.368000,ETHUSDT,1,5.73,2000.3,0.0,5.73,0.0,11461.719000000001
1771355347370,2026-02-17 19:09:07.370000,ETHUSDT,0,0.0,,0.0,0.0,0.0,0.0
1771355348375,2026-02-17 19:09:08.375000,ETHUSDT,0,0.0,,0.0,0.0,0.0,0.0
1771355349380,2026-02-17 19:09:09.380000,ETHUSDT,0,0.0,,0.0,0.0,0.0,0.0
1771355350387,2026-02-17 19:09:10.387000,ETHUSDT,0,0.0,,0.0,0.0,0.0,0.0
1771355351393,2026-02-17 19:09:11.393000,ETHUSDT,1,0.003,2000.3,0.003,0.0,6.0009,0.0
1771355352397,2026-02-17 19:09:12.397000,ETHUSDT,1,0.002,2000.3000000000002,0.0,0.002,0.0,4.0006
1771355353401,2026-02-17 19:09:13.401000,ETHUSDT,0,0.0,,0.0,0.0,0.0,0.0
1771355354403,2026-02-17 19:09:14.403000,ETHUSDT,0,0.0,,0.0,0.0,0.0,0.0
1771355355409,2026-02-17 19:09:15.409000,ETHUSDT,0,0.0,,0.0,0.0,0.0,0.0
1771355356415,2026-02-17 19:09:16.415000,ETHUSDT,0,0.0,,0.0,0.0,0.0,0.0
1771355357421,2026-02-17 19:09:17.421000,ETHUSDT,1,7.19,2001.3,7.19,0.0,14389.347,0.0
1771355358426,2026-02-17 19:09:18.426000,ETHUSDT,0,0.0,,0.0,0.0,0.0,0.0
1771355359432,2026-02-17 19:09:19.432000,ETHUSDT,0,0.0,,0.0,0.0,0.0,0.0
1771355360436,2026-02-17 19:09:20.436000,ETHUSDT,1,7.51,2001.4,0.0,7.51,0.0,15030.514000000001
1771355361439,2026-02-17 19:09:21.439000,ETHUSDT,0,0.0,,0.0,0.0,0.0,0.0
1771355362442,2026-02-17 19:09:22.442000,ETHUSDT,0,0.0,,0.0,0.0,0.0,0.0
1771355363448,2026-02-17 19:09:23.448000,ETHUSDT,0,0.0,,0.0,0.0,0.0,0.0
1771355364453,2026-02-17 19:09:24.453000,ETHUSDT,0,0.0,,0.0,0.0,0.0,0.0
1771355365454,2026-02-17 19:09:25.454000,ETHUSDT,0,0.0,,0.0,0.0,0.0,0.0
1771355366459,2026-02-17 19:09:26.459000,ETHUSDT,1,7.852,2001.4,0.0,7.852,0.0,15714.992800000002
1771355367464,2026-02-17 19:09:27.464000,ETHUSDT,0,0.0,,0.0,0.0,0.0,0.0
1771355368469,2026-02-17 19:09:28.469000,ETHUSDT,0,0.0,,0.0,0.0,0.0,0.0
1771355369472,2026-02-17 19:09:29.472000,ETHUSDT,0,0.0,,0.0,0.0,0.0,0.0
1771355370474,2026-02-17 19:09:30.474000,ETHUSDT,1,5.93,2001.8,5.93,0.0,11870.673999999999,0.0
1771355371480,2026-02-17 19:09:31.480000,ETHUSDT,0,0.0,,0.0,0.0,0.0,0.0
1771355372486,2026-02-17 19:09:32.486000,ETHUSDT,0,0.0,,0.0,0.0,0.0,0.0
1771355373492,2026-02-17 19:09:33.492000,ETHUSDT,1,7.583,2001.8,0.0,7.583,0.0,15179.6494
1771355374497,2026-02-17 19:09:34.497000,ETHUSDT,0,0.0,,0.0,0.0,0.0,0.0
1771355375503,2026-02-17 19:09:35.503000,ETHUSDT,0,0.0,,0.0,0.0,0.0,0.0
1771355376509,2026-02-17 19:09:36.509000,ETHUSDT,1,0.002,2001.7,0.0,0.002,0.0,4.0034
1771355377513,2026-02-17 19:09:37.513000,ETHUSDT,0,0.0,,0.0,0.0,0.0,0.0
1771355378517,2026-02-17 19:09:38.517000,ETHUSDT,0,0.0,,0.0,0.0,0.0,0.0
1771355379520,2026-02-17 19:09:39.520000,ETHUSDT,0,0.0,,0.0,0.0,0.0,0.0
1771355380526,2026-02-17 19:09:40.526000,ETHUSDT,1,4.581,2001.8,0.0,4.581,0.0,9170.2458
1771355381529,2026-02-17 19:09:41.529000,ETHUSDT,0,0.0,,0.0,0.0,0.0,0.0
1771355382534,2026-02-17 19:09:42.534000,ETHUSDT,1,6.393,2001.8,6.393,0.0,12797.507399999999,0.0
1771355383538,2026-02-17 19:09:43.538000,ETHUSDT,0,0.0,,0.0,0.0,0.0,0.0
1771355384543,2026-02-17 19:09:44.543000,ETHUSDT,0,0.0,,0.0,0.0,0.0,0.0
1771355385549,2026-02-17 19:09:45.549000,ETHUSDT,0,0.0,,0.0,0.0,0.0,0.0
1771355386555,2026-02-17 19:09:46.555000,ETHUSDT,0,0.0,,0.0,0.0,0.0,0.0
1771355387556,2026-02-17 19:09:47.556000,ETHUSDT,0,0.0,,0.0,0.0,0.0,0.0
1771355388562,2026-02-17 19:09:48.562000,ETHUSDT,2,5.161,2001.6,5.159,0.002,10326.2544,4.0032
1771355389563,2026-02-17 19:09:49.563000,ETHUSDT,0,0.0,,0.0,0.0,0.0,0.0
1771355390568,2026-02-17 19:09:50.568000,ETHUSDT,0,0.0,,0.0,0.0,0.0,0.0
1771355391573,2026-02-17 19:09:51.573000,ETHUSDT,0,0.0,,0.0,0.0,0.0,0.0
1771355392576,2026-02-17 19:09:52.576000,ETHUSDT,0,0.0,,0.0,0.0,0.0,0.0
1771355393582,2026-02-17 19:09:53.582000,ETHUSDT,1,0.013,2001.6,0.0,0.013,0.0,26.020799999999998
1771355394584,2026-02-17 19:09:54.584000,ETHUSDT,0,0.0,,0.0,0.0,0.0,0.0
1771355395587,2026-02-17 19:09:55.587000,ETHUSDT,1,7.029,2001.5,0.0,7.029,0.0,14068.5435
1771355396594,2026-02-17 19:09:56.594000,ETHUSDT,0,0.0,,0.0,0.0,0.0,0.0
1771355397597,2026-02-17 19:09:57.597000,ETHUSDT,0,0.0,,0.0,0.0,0.0,0.0
1771355398601,2026-02-17 19:09:58.601000,ETHUSDT,0,0.0,,0.0,0.0,0.0,0.0
1771355399605,2026-02-17 19:09:59.605000,ETHUSDT,3,3.914,2002.0970362800203,3.914,0.0,7836.2078,0.0
1771355400611,2026-02-17 19:10:00.611000,ETHUSDT,0,0.0,,0.0,0.0,0.0,0.0
1771355401616,2026-02-17 19:10:01.616000,ETHUSDT,2,6.202,2002.2044501773623,6.202,0.0,12417.672,0.0
1771355402623,2026-02-17 19:10:02.623000,ETHUSDT,2,0.046,2003.2673913043475,0.046,0.0,92.15029999999999,0.0
1771355403627,2026-02-17 19:10:03.627000,ETHUSDT,0,0.0,,0.0,0.0,0.0,0.0
1771355404632,2026-02-17 19:10:04.632000,ETHUSDT,1,1.477,2003.0,1.477,0.0,2958.431,0.0
1771355405639,2026-02-17 19:10:05.639000,ETHUSDT,0,0.0,,0.0,0.0,0.0,0.0
1771355406644,2026-02-17 19:10:06.644000,ETHUSDT,1,3.747,2003.4,0.0,3.747,0.0,7506.7398
1771355407647,2026-02-17 19:10:07.647000,ETHUSDT,0,0.0,,0.0,0.0,0.0,0.0
1771355408651,2026-02-17 19:10:08.651000,ETHUSDT,0,0.0,,0.0,0.0,0.0,0.0
1771355409654,2026-02-17 19:10:09.654000,ETHUSDT,0,0.0,,0.0,0.0,0.0,0.0
1771355410659,2026-02-17 19:10:10.659000,ETHUSDT,0,0.0,,0.0,0.0,0.0,0.0
1771355411663,2026-02-17 19:10:11.663000,ETHUSDT,1,5.876,2003.3,0.0,5.876,0.0,11771.390800000001
1771355412669,2026-02-17 19:10:12.669000,ETHUSDT,1,0.002,2003.4999999999998,0.0,0.002,0.0,4.007
1771355413672,2026-02-17 19:10:13.672000,ETHUSDT,0,0.0,,0.0,0.0,0.0,0.0
1771355414678,2026-02-17 19:10:14.678000,ETHUSDT,0,0.0,,0.0,0.0,0.0,0.0
1771355415684,2026-02-17 19:10:15.684000,ETHUSDT,2,24.76,2003.7720113085622,24.76,0.0,49613.395000000004,0.0
1771355416688,2026-02-17 19:10:16.688000,ETHUSDT,2,0.261,2004.0931034482755,0.243,0.018,486.99629999999996,36.071999999999996
1771355417693,2026-02-17 19:10:17.693000,ETHUSDT,2,7.1899999999999995,2004.3002086230877,0.015,7.175,30.066,14380.852499999999
1771355418697,2026-02-17 19:10:18.697000,ETHUSDT,0,0.0,,0.0,0.0,0.0,0.0
1771355419703,2026-02-17 19:10:19.703000,ETHUSDT,0,0.0,,0.0,0.0,0.0,0.0
1771355420705,2026-02-17 19:10:20.705000,ETHUSDT,0,0.0,,0.0,0.0,0.0,0.0
1771355421711,2026-02-17 19:10:21.711000,ETHUSDT,0,0.0,,0.0,0.0,0.0,0.0
1771355422717,2026-02-17 19:10:22.717000,ETHUSDT,1,0.05,2004.3,0.0,0.05,0.0,100.215
1771355423722,2026-02-17 19:10:23.722000,ETHUSDT,0,0.0,,0.0,0.0,0.0,0.0
1771355424725,2026-02-17 19:10:24.725000,ETHUSDT,1,0.092,2003.6,0.0,0.092,0.0,184.3312
1771355425728,2026-02-17 19:10:25.728000,ETHUSDT,0,0.0,,0.0,0.0,0.0,0.0
1771355426731,2026-02-17 19:10:26.731000,ETHUSDT,0,0.0,,0.0,0.0,0.0,0.0
1771355427737,2026-02-17 19:10:27.737000,ETHUSDT,1,0.499,2003.5,0.499,0.0,999.7465,0.0
1771355428742,2026-02-17 19:10:28.742000,ETHUSDT,0,0.0,,0.0,0.0,0.0,0.0
1771355429743,2026-02-17 19:10:29.743000,ETHUSDT,1,11.42,2003.2000000000003,11.42,0.0,22876.544,0.0
1771355430747,2026-02-17 19:10:30.747000,ETHUSDT,2,0.237,2002.5548523206753,0.0,0.237,0.0,474.6055
1771355431751,2026-02-17 19:10:31.751000,ETHUSDT,3,0.49500000000000005,2001.299191919192,0.0,0.49500000000000005,0.0,990.6431000000001
1771355432755,2026-02-17 19:10:32.755000,ETHUSDT,1,0.107,2001.2,0.0,0.107,0.0,214.1284
1771355433761,2026-02-17 19:10:33.761000,ETHUSDT,0,0.0,,0.0,0.0,0.0,0.0
1771355434762,2026-02-17 19:10:34.762000,ETHUSDT,1,0.003,2001.3,0.003,0.0,6.0039,0.0
1771355435765,2026-02-17 19:10:35.765000,ETHUSDT,1,3.938,2001.7,3.938,0.0,7882.694600000001,0.0
1771355436767,2026-02-17 19:10:36.767000,ETHUSDT,1,3.73,2001.9,3.73,0.0,7467.087,0.0
1771355437772,2026-02-17 19:10:37.772000,ETHUSDT,0,0.0,,0.0,0.0,0.0,0.0
1771355438777,2026-02-17 19:10:38.777000,ETHUSDT,0,0.0,,0.0,0.0,0.0,0.0
1771355439783,2026-02-17 19:10:39.783000,ETHUSDT,0,0.0,,0.0,0.0,0.0,0.0
1771355440788,2026-02-17 19:10:40.788000,ETHUSDT,0,0.0,,0.0,0.0,0.0,0.0
1771355441790,2026-02-17 19:10:41.790000,ETHUSDT,1,9.631,2001.4,0.0,9.631,0.0,19275.4834
1771355442797,2026-02-17 19:10:42.797000,ETHUSDT,1,0.002,2001.3,0.002,0.0,4.0026,0.0
1771355443801,2026-02-17 19:10:43.801000,ETHUSDT,0,0.0,,0.0,0.0,0.0,0.0
1771355444805,2026-02-17 19:10:44.805000,ETHUSDT,0,0.0,,0.0,0.0,0.0,0.0
1771355445809,2026-02-17 19:10:45.809000,ETHUSDT,0,0.0,,0.0,0.0,0.0,0.0
1771355446810,2026-02-17 19:10:46.810000,ETHUSDT,0,0.0,,0.0,0.0,0.0,0.0
1771355447834,2026-02-17 19:10:47.834000,ETHUSDT,1,12.687,2001.4,0.0,12.687,0.0,25391.7618
1771355448839,2026-02-17 19:10:48.839000,ETHUSDT,0,0.0,,0.0,0.0,0.0,0.0
1771355449845,2026-02-17 19:10:49.845000,ETHUSDT,1,0.048,2001.0999999999997,0.0,0.048,0.0,96.05279999999999
1771355450851,2026-02-17 19:10:50.851000,ETHUSDT,0,0.0,,0.0,0.0,0.0,0.0
1771355451857,2026-02-17 19:10:51.857000,ETHUSDT,0,0.0,,0.0,0.0,0.0,0.0
1771355452863,2026-02-17 19:10:52.863000,ETHUSDT,0,0.0,,0.0,0.0,0.0,0.0
1771355453865,2026-02-17 19:10:53.865000,ETHUSDT,0,0.0,,0.0,0.0,0.0,0.0
1771355454871,2026-02-17 19:10:54.871000,ETHUSDT,1,11.66,2001.0,0.0,11.66,0.0,23331.66
1771355455875,2026-02-17 19:10:55.875000,ETHUSDT,1,3.465,2001.0000000000002,0.0,3.465,0.0,6933.465
1771355456880,2026-02-17 19:10:56.880000,ETHUSDT,0,0.0,,0.0,0.0,0.0,0.0
1771355457886,2026-02-17 19:10:57.886000,ETHUSDT,1,7.356,2000.7,7.356,0.0,14717.1492,0.0
1771355458892,2026-02-17 19:10:58.892000,ETHUSDT,0,0.0,,0.0,0.0,0.0,0.0
1771355459898,2026-02-17 19:10:59.898000,ETHUSDT,1,7.017,2000.9999999999998,0.0,7.017,0.0,14041.017
1771355460901,2026-02-17 19:11:00.901000,ETHUSDT,2,3.057,2001.1018645731108,0.057,3.0,114.06840000000001,6003.299999999999
1771355461906,2026-02-17 19:11:01.906000,ETHUSDT,1,13.914,2001.5,0.0,13.914,0.0,27848.871
1771355462912,2026-02-17 19:11:02.912000,ETHUSDT,2,0.394,2002.4461928934008,0.394,0.0,788.9638,0.0
1771355463917,2026-02-17 19:11:03.917000,ETHUSDT,0,0.0,,0.0,0.0,0.0,0.0
1771355464920,2026-02-17 19:11:04.920000,ETHUSDT,1,10.846,2002.9,10.846,0.0,21723.453400000002,0.0
1771355465922,2026-02-17 19:11:05.922000,ETHUSDT,0,0.0,,0.0,0.0,0.0,0.0
1771355466927,2026-02-17 19:11:06.927000,ETHUSDT,0,0.0,,0.0,0.0,0.0,0.0
1771355467932,2026-02-17 19:11:07.932000,ETHUSDT,0,0.0,,0.0,0.0,0.0,0.0
1771355468938,2026-02-17 19:11:08.938000,ETHUSDT,0,0.0,,0.0,0.0,0.0,0.0
1771355469943,2026-02-17 19:11:09.943000,ETHUSDT,0,0.0,,0.0,0.0,0.0,0.0
1771355470946,2026-02-17 19:11:10.946000,ETHUSDT,0,0.0,,0.0,0.0,0.0,0.0
1771355471949,2026-02-17 19:11:11.949000,ETHUSDT,1,0.103,2002.1,0.103,0.0,206.2163,0.0
1771355472954,2026-02-17 19:11:12.954000,ETHUSDT,0,0.0,,0.0,0.0,0.0,0.0
1771355473959,2026-02-17 19:11:13.959000,ETHUSDT,0,0.0,,0.0,0.0,0.0,0.0
1771355474964,2026-02-17 19:11:14.964000,ETHUSDT,0,0.0,,0.0,0.0,0.0,0.0
1771355475969,2026-02-17 19:11:15.969000,ETHUSDT,1,10.044,2002.1000000000001,0.0,10.044,0.0,20109.0924
1771355476972,2026-02-17 19:11:16.972000,ETHUSDT,0,0.0,,0.0,0.0,0.0,0.0
1771355477974,2026-02-17 19:11:17.974000,ETHUSDT,0,0.0,,0.0,0.0,0.0,0.0
1771355478975,2026-02-17 19:11:18.975000,ETHUSDT,2,6.04,2002.1,5.531,0.509,11073.615099999999,1019.0689
1771355479981,2026-02-17 19:11:19.981000,ETHUSDT,0,0.0,,0.0,0.0,0.0,0.0
1771355480982,2026-02-17 19:11:20.982000,ETHUSDT,1,12.639,2002.1,0.0,12.639,0.0,25304.541899999997
1771355481988,2026-02-17 19:11:21.988000,ETHUSDT,0,0.0,,0.0,0.0,0.0,0.0
1771355482992,2026-02-17 19:11:22.992000,ETHUSDT,0,0.0,,0.0,0.0,0.0,0.0
1771355483997,2026-02-17 19:11:23.997000,ETHUSDT,0,0.0,,0.0,0.0,0.0,0.0
1771355485002,2026-02-17 19:11:25.002000,ETHUSDT,1,6.119,2002.1,6.119,0.0,12250.8499,0.0
1771355486005,2026-02-17 19:11:26.005000,ETHUSDT,0,0.0,,0.0,0.0,0.0,0.0
1771355487011,2026-02-17 19:11:27.011000,ETHUSDT,1,7.539,2002.4,7.539,0.0,15096.0936,0.0
1771355488014,2026-02-17 19:11:28.014000,ETHUSDT,0,0.0,,0.0,0.0,0.0,0.0
1771355489019,2026-02-17 19:11:29.019000,ETHUSDT,0,0.0,,0.0,0.0,0.0,0.0
1771355490021,2026-02-17 19:11:30.021000,ETHUSDT,1,8.026,2002.0,0.0,8.026,0.0,16068.052
1771355491027,2026-02-17 19:11:31.027000,ETHUSDT,0,0.0,,0.0,0.0,0.0,0.0
1771355492031,2026-02-17 19:11:32.031000,ETHUSDT,0,0.0,,0.0,0.0,0.0,0.0
1771355493037,2026-02-17 19:11:33.037000,ETHUSDT,1,0.002,2002.1,0.002,0.0,4.0042,0.0
1771355494042,2026-02-17 19:11:34.042000,ETHUSDT,1,0.043,2003.3,0.043,0.0,86.14189999999999,0.0
1771355495047,2026-02-17 19:11:35.047000,ETHUSDT,1,8.657,2003.5,0.0,8.657,0.0,17344.2995
1771355496048,2026-02-17 19:11:36.048000,ETHUSDT,0,0.0,,0.0,0.0,0.0,0.0
1771355497050,2026-02-17 19:11:37.050000,ETHUSDT,2,25.695999999999998,2003.3057440846824,0.0,25.695999999999998,0.0,51476.94439999999
1771355498055,2026-02-17 19:11:38.055000,ETHUSDT,0,0.0,,0.0,0.0,0.0,0.0
1771355499062,2026-02-17 19:11:39.062000,ETHUSDT,0,0.0,,0.0,0.0,0.0,0.0
1771355500065,2026-02-17 19:11:40.065000,ETHUSDT,0,0.0,,0.0,0.0,0.0,0.0
1771355501071,2026-02-17 19:11:41.071000,ETHUSDT,1,4.277,2003.1,0.0,4.277,0.0,8567.2587
1771355502075,2026-02-17 19:11:42.075000,ETHUSDT,1,6.676,2003.4,6.676,0.0,13374.698400000001,0.0
1771355503078,2026-02-17 19:11:43.078000,ETHUSDT,0,0.0,,0.0,0.0,0.0,0.0
1771355504080,2026-02-17 19:11:44.080000,ETHUSDT,0,0.0,,0.0,0.0,0.0,0.0
1771355505083,2026-02-17 19:11:45.083000,ETHUSDT,0,0.0,,0.0,0.0,0.0,0.0
1771355506088,2026-02-17 19:11:46.088000,ETHUSDT,0,0.0,,0.0,0.0,0.0,0.0
1771355507092,2026-02-17 19:11:47.092000,ETHUSDT,1,9.381,2003.4,9.381,0.0,18793.8954,0.0
1771355508095,2026-02-17 19:11:48.095000,ETHUSDT,0,0.0,,0.0,0.0,0.0,0.0
1771355509101,2026-02-17 19:11:49.101000,ETHUSDT,1,0.016,2003.0,0.0,0.016,0.0,32.048
1771355510104,2026-02-17 19:11:50.104000,ETHUSDT,0,0.0,,0.0,0.0,0.0,0.0
1771355511109,2026-02-17 19:11:51.109000,ETHUSDT,1,2.864,2002.8,0.0,2.864,0.0,5736.0192
1771355512111,2026-02-17 19:11:52.111000,ETHUSDT,1,5.771,2002.8,0.0,5.771,0.0,11558.1588
1771355513117,2026-02-17 19:11:53.117000,ETHUSDT,0,0.0,,0.0,0.0,0.0,0.0
1771355514121,2026-02-17 19:11:54.121000,ETHUSDT,1,9.025,2003.0,9.025,0.0,18077.075,0.0
1771355515126,2026-02-17 19:11:55.126000,ETHUSDT,0,0.0,,0.0,0.0,0.0,0.0
1771355516130,2026-02-17 19:11:56.130000,ETHUSDT,0,0.0,,0.0,0.0,0.0,0.0
1771355517136,2026-02-17 19:11:57.136000,ETHUSDT,1,5.963,2002.6999999999998,0.0,5.963,0.0,11942.1001
1771355518141,2026-02-17 19:11:58.141000,ETHUSDT,0,0.0,,0.0,0.0,0.0,0.0
1771355519146,2026-02-17 19:11:59.146000,ETHUSDT,1,8.094,2002.7,8.094,0.0,16209.853799999999,0.0
1771355520151,2026-02-17 19:12:00.151000,ETHUSDT,1,0.002,2002.8000000000002,0.0,0.002,0.0,4.0056
1771355521157,2026-02-17 19:12:01.157000,ETHUSDT,0,0.0,,0.0,0.0,0.0,0.0
1771355522162,2026-02-17 19:12:02.162000,ETHUSDT,2,4.504,2001.3043072824157,0.0,4.504,0.0,9013.8746
1771355523167,2026-02-17 19:12:03.167000,ETHUSDT,0,0.0,,0.0,0.0,0.0,0.0
1771355524167,2026-02-17 19:12:04.167000,ETHUSDT,0,0.0,,0.0,0.0,0.0,0.0
1771355525172,2026-02-17 19:12:05.172000,ETHUSDT,1,6.287,2001.9000000000003,6.287,0.0,12585.945300000001,0.0
1771355526177,2026-02-17 19:12:06.177000,ETHUSDT,0,0.0,,0.0,0.0,0.0,0.0
1771355527183,2026-02-17 19:12:07.183000,ETHUSDT,1,3.896,2002.1,0.0,3.896,0.0,7800.1816
1771355528185,2026-02-17 19:12:08.185000,ETHUSDT,1,0.002,2002.2000000000003,0.002,0.0,4.0044,0.0
1771355529191,2026-02-17 19:12:09.191000,ETHUSDT,2,5.039,2002.5997221670964,0.007,5.032,14.016800000000002,10077.0832
1771355530197,2026-02-17 19:12:10.197000,ETHUSDT,0,0.0,,0.0,0.0,0.0,0.0
1771355531203,2026-02-17 19:12:11.203000,ETHUSDT,1,8.155,2002.4,8.155,0.0,16329.572,0.0
1771355532209,2026-02-17 19:12:12.209000,ETHUSDT,0,0.0,,0.0,0.0,0.0,0.0
1771355533216,2026-02-17 19:12:13.216000,ETHUSDT,0,0.0,,0.0,0.0,0.0,0.0
1771355534223,2026-02-17 19:12:14.223000,ETHUSDT,0,0.0,,0.0,0.0,0.0,0.0
1771355535225,2026-02-17 19:12:15.225000,ETHUSDT,0,0.0,,0.0,0.0,0.0,0.0
1771355536229,2026-02-17 19:12:16.229000,ETHUSDT,0,0.0,,0.0,0.0,0.0,0.0
1771355537235,2026-02-17 19:12:17.235000,ETHUSDT,0,0.0,,0.0,0.0,0.0,0.0
1771355538241,2026-02-17 19:12:18.241000,ETHUSDT,0,0.0,,0.0,0.0,0.0,0.0
1771355539247,2026-02-17 19:12:19.247000,ETHUSDT,0,0.0,,0.0,0.0,0.0,0.0
1771355540252,2026-02-17 19:12:20.252000,ETHUSDT,1,0.018,2002.3,0.0,0.018,0.0,36.041399999999996
1771355541258,2026-02-17 19:12:21.258000,ETHUSDT,0,0.0,,0.0,0.0,0.0,0.0
1771355542261,2026-02-17 19:12:22.261000,ETHUSDT,0,0.0,,0.0,0.0,0.0,0.0
1771355543266,2026-02-17 19:12:23.266000,ETHUSDT,0,0.0,,0.0,0.0,0.0,0.0
1771355544270,2026-02-17 19:12:24.270000,ETHUSDT,1,0.002,2002.3,0.0,0.002,0.0,4.0046
1771355545275,2026-02-17 19:12:25.275000,ETHUSDT,0,0.0,,0.0,0.0,0.0,0.0
1771355546281,2026-02-17 19:12:26.281000,ETHUSDT,0,0.0,,0.0,0.0,0.0,0.0
1771355547284,2026-02-17 19:12:27.284000,ETHUSDT,0,0.0,,0.0,0.0,0.0,0.0
1771355548290,2026-02-17 19:12:28.290000,ETHUSDT,0,0.0,,0.0,0.0,0.0,0.0
1771355549297,2026-02-17 19:12:29.297000,ETHUSDT,0,0.0,,0.0,0.0,0.0,0.0
1771355550299,2026-02-17 19:12:30.299000,ETHUSDT,0,0.0,,0.0,0.0,0.0,0.0
1771355551304,2026-02-17 19:12:31.304000,ETHUSDT,1,8.386,2002.2,8.386,0.0,16790.4492,0.0
1771355552308,2026-02-17 19:12:32.308000,ETHUSDT,2,0.015,2002.3866666666665,0.015,0.0,30.0358,0.0
1771355553313,2026-02-17 19:12:33.313000,ETHUSDT,0,0.0,,0.0,0.0,0.0,0.0
1771355554318,2026-02-17 19:12:34.318000,ETHUSDT,0,0.0,,0.0,0.0,0.0,0.0
1771355555321,2026-02-17 19:12:35.321000,ETHUSDT,1,5.148,2002.4,0.0,5.148,0.0,10308.3552
1771355556327,2026-02-17 19:12:36.327000,ETHUSDT,0,0.0,,0.0,0.0,0.0,0.0
1771355557332,2026-02-17 19:12:37.332000,ETHUSDT,1,7.594,2002.4,7.594,0.0,15206.225600000002,0.0
1771355558337,2026-02-17 19:12:38.337000,ETHUSDT,0,0.0,,0.0,0.0,0.0,0.0
1771355559340,2026-02-17 19:12:39.340000,ETHUSDT,0,0.0,,0.0,0.0,0.0,0.0
1771355560343,2026-02-17 19:12:40.343000,ETHUSDT,1,0.194,2002.6999999999998,0.194,0.0,388.5238,0.0
1771355561348,2026-02-17 19:12:41.348000,ETHUSDT,2,3.508,2003.5963226909917,3.508,0.0,7028.615899999999,0.0
1771355562354,2026-02-17 19:12:42.354000,ETHUSDT,1,0.043,2004.7000000000003,0.043,0.0,86.2021,0.0
1771355563358,2026-02-17 19:12:43.358000,ETHUSDT,1,7.151,2004.3,7.151,0.0,14332.7493,0.0
1771355564363,2026-02-17 19:12:44.363000,ETHUSDT,0,0.0,,0.0,0.0,0.0,0.0
1771355565366,2026-02-17 19:12:45.366000,ETHUSDT,3,0.507,2005.3970414201183,0.507,0.0,1016.7363,0.0
1771355566368,2026-02-17 19:12:46.368000,ETHUSDT,1,0.076,2006.6,0.0,0.076,0.0,152.5016
1771355567374,2026-02-17 19:12:47.374000,ETHUSDT,5,3.245,2008.1854545454544,3.245,0.0,6516.5617999999995,0.0
1771355568380,2026-02-17 19:12:48.380000,ETHUSDT,2,7.849,2007.5,7.793,0.056,15644.4475,112.42
1771355569386,2026-02-17 19:12:49.386000,ETHUSDT,1,10.679,2007.8,0.0,10.679,0.0,21441.2962
1771355570393,2026-02-17 19:12:50.393000,ETHUSDT,0,0.0,,0.0,0.0,0.0,0.0
1771355571399,2026-02-17 19:12:51.399000,ETHUSDT,0,0.0,,0.0,0.0,0.0,0.0
1771355572405,2026-02-17 19:12:52.405000,ETHUSDT,0,0.0,,0.0,0.0,0.0,0.0
1771355573407,2026-02-17 19:12:53.407000,ETHUSDT,0,0.0,,0.0,0.0,0.0,0.0
1771355574409,2026-02-17 19:12:54.409000,ETHUSDT,1,25.297,2007.2,0.0,25.297,0.0,50776.1384
1771355575414,2026-02-17 19:12:55.414000,ETHUSDT,0,0.0,,0.0,0.0,0.0,0.0
1771355576418,2026-02-17 19:12:56.418000,ETHUSDT,0,0.0,,0.0,0.0,0.0,0.0
1771355577424,2026-02-17 19:12:57.424000,ETHUSDT,0,0.0,,0.0,0.0,0.0,0.0
1771355578430,2026-02-17 19:12:58.430000,ETHUSDT,0,0.0,,0.0,0.0,0.0,0.0
1771355579434,2026-02-17 19:12:59.434000,ETHUSDT,1,0.194,2006.7,0.0,0.194,0.0,389.2998
1771355580436,2026-02-17 19:13:00.436000,ETHUSDT,1,0.002,2006.3,0.0,0.002,0.0,4.0126
1771355581441,2026-02-17 19:13:01.441000,ETHUSDT,1,1.178,2006.4999999999998,0.0,1.178,0.0,2363.6569999999997
1771355582447,2026-02-17 19:13:02.447000,ETHUSDT,0,0.0,,0.0,0.0,0.0,0.0
1771355583452,2026-02-17 19:13:03.452000,ETHUSDT,0,0.0,,0.0,0.0,0.0,0.0
1771355584458,2026-02-17 19:13:04.458000,ETHUSDT,1,0.058,2006.2,0.0,0.058,0.0,116.35960000000001
1771355585460,2026-02-17 19:13:05.460000,ETHUSDT,0,0.0,,0.0,0.0,0.0,0.0
1771355586465,2026-02-17 19:13:06.465000,ETHUSDT,0,0.0,,0.0,0.0,0.0,0.0
1771355587468,2026-02-17 19:13:07.468000,ETHUSDT,1,12.345,2006.7,0.0,12.345,0.0,24772.7115
1771355588471,2026-02-17 19:13:08.471000,ETHUSDT,0,0.0,,0.0,0.0,0.0,0.0
1771355589473,2026-02-17 19:13:09.473000,ETHUSDT,0,0.0,,0.0,0.0,0.0,0.0
1771355590476,2026-02-17 19:13:10.476000,ETHUSDT,0,0.0,,0.0,0.0,0.0,0.0
1771355591482,2026-02-17 19:13:11.482000,ETHUSDT,0,0.0,,0.0,0.0,0.0,0.0
1771355592484,2026-02-17 19:13:12.484000,ETHUSDT,1,0.002,2006.6999999999998,0.0,0.002,0.0,4.0134
1771355593491,2026-02-17 19:13:13.491000,ETHUSDT,0,0.0,,0.0,0.0,0.0,0.0
1771355594496,2026-02-17 19:13:14.496000,ETHUSDT,0,0.0,,0.0,0.0,0.0,0.0
1771355595502,2026-02-17 19:13:15.502000,ETHUSDT,1,0.058,2007.3,0.058,0.0,116.4234,0.0
1771355596508,2026-02-17 19:13:16.508000,ETHUSDT,2,19.417,2007.2000000000003,18.67,0.747,37474.424000000006,1499.3784
1771355597513,2026-02-17 19:13:17.513000,ETHUSDT,0,0.0,,0.0,0.0,0.0,0.0
1771355598517,2026-02-17 19:13:18.517000,ETHUSDT,1,25.069,2007.2,0.0,25.069,0.0,50318.4968
1771355599523,2026-02-17 19:13:19.523000,ETHUSDT,1,1.77,2007.3,1.77,0.0,3552.921,0.0
1771355600530,2026-02-17 19:13:20.530000,ETHUSDT,1,0.043,2007.6,0.043,0.0,86.32679999999999,0.0
1771355601536,2026-02-17 19:13:21.536000,ETHUSDT,1,0.184,2008.1,0.184,0.0,369.49039999999997,0.0
1771355602538,2026-02-17 19:13:22.538000,ETHUSDT,1,0.049,2008.3,0.0,0.049,0.0,98.4067
1771355603543,2026-02-17 19:13:23.543000,ETHUSDT,0,0.0,,0.0,0.0,0.0,0.0
1771355604547,2026-02-17 19:13:24.547000,ETHUSDT,0,0.0,,0.0,0.0,0.0,0.0
1771355605548,2026-02-17 19:13:25.548000,ETHUSDT,0,0.0,,0.0,0.0,0.0,0.0
1771355606552,2026-02-17 19:13:26.552000,ETHUSDT,0,0.0,,0.0,0.0,0.0,0.0
1771355607555,2026-02-17 19:13:27.555000,ETHUSDT,0,0.0,,0.0,0.0,0.0,0.0
1771355608560,2026-02-17 19:13:28.560000,ETHUSDT,1,28.846,2007.9000000000003,0.0,28.846,0.0,57919.883400000006
1771355609564,2026-02-17 19:13:29.564000,ETHUSDT,0,0.0,,0.0,0.0,0.0,0.0
1771355610566,2026-02-17 19:13:30.566000,ETHUSDT,0,0.0,,0.0,0.0,0.0,0.0
1771355611573,2026-02-17 19:13:31.573000,ETHUSDT,1,22.433,2007.9000000000003,22.433,0.0,45043.220700000005,0.0
1771355612578,2026-02-17 19:13:32.578000,ETHUSDT,0,0.0,,0.0,0.0,0.0,0.0
1771355613584,2026-02-17 19:13:33.584000,ETHUSDT,0,0.0,,0.0,0.0,0.0,0.0
1771355614585,2026-02-17 19:13:34.585000,ETHUSDT,1,19.259,2007.6,0.0,19.259,0.0,38664.3684
1771355615590,2026-02-17 19:13:35.590000,ETHUSDT,0,0.0,,0.0,0.0,0.0,0.0
1771355616595,2026-02-17 19:13:36.595000,ETHUSDT,2,12.772,2007.7,0.0,12.772,0.0,25642.3444
1771355617600,2026-02-17 19:13:37.600000,ETHUSDT,0,0.0,,0.0,0.0,0.0,0.0
1771355618605,2026-02-17 19:13:38.605000,ETHUSDT,1,0.087,2007.6,0.0,0.087,0.0,174.66119999999998
1771355619607,2026-02-17 19:13:39.607000,ETHUSDT,0,0.0,,0.0,0.0,0.0,0.0
1771355620612,2026-02-17 19:13:40.612000,ETHUSDT,0,0.0,,0.0,0.0,0.0,0.0
1771355621617,2026-02-17 19:13:41.617000,ETHUSDT,1,23.435,2007.5999999999997,0.0,23.435,0.0,47048.10599999999
1771355622622,2026-02-17 19:13:42.622000,ETHUSDT,1,0.017,2007.5000000000002,0.0,0.017,0.0,34.127500000000005
1771355623626,2026-02-17 19:13:43.626000,ETHUSDT,0,0.0,,0.0,0.0,0.0,0.0
1771355624631,2026-02-17 19:13:44.631000,ETHUSDT,1,27.218,2007.1,27.218,0.0,54629.2478,0.0
1771355625634,2026-02-17 19:13:45.634000,ETHUSDT,1,0.002,2007.4,0.002,0.0,4.0148,0.0
1771355626640,2026-02-17 19:13:46.640000,ETHUSDT,1,17.959,2008.0,17.959,0.0,36061.672,0.0
1771355627643,2026-02-17 19:13:47.643000,ETHUSDT,0,0.0,,0.0,0.0,0.0,0.0
1771355628647,2026-02-17 19:13:48.647000,ETHUSDT,0,0.0,,0.0,0.0,0.0,0.0
1771355629652,2026-02-17 19:13:49.652000,ETHUSDT,0,0.0,,0.0,0.0,0.0,0.0
1771355630659,2026-02-17 19:13:50.659000,ETHUSDT,0,0.0,,0.0,0.0,0.0,0.0
1771355631664,2026-02-17 19:13:51.664000,ETHUSDT,0,0.0,,0.0,0.0,0.0,0.0
1771355632666,2026-02-17 19:13:52.666000,ETHUSDT,0,0.0,,0.0,0.0,0.0,0.0
1771355633671,2026-02-17 19:13:53.671000,ETHUSDT,1,2.064,2007.9999999999998,2.064,0.0,4144.512,0.0
1771355634674,2026-02-17 19:13:54.674000,ETHUSDT,0,0.0,,0.0,0.0,0.0,0.0
1771355635676,2026-02-17 19:13:55.676000,ETHUSDT,0,0.0,,0.0,0.0,0.0,0.0
1771355636682,2026-02-17 19:13:56.682000,ETHUSDT,0,0.0,,0.0,0.0,0.0,0.0
1771355637684,2026-02-17 19:13:57.684000,ETHUSDT,0,0.0,,0.0,0.0,0.0,0.0
1771355638687,2026-02-17 19:13:58.687000,ETHUSDT,0,0.0,,0.0,0.0,0.0,0.0
1771355639692,2026-02-17 19:13:59.692000,ETHUSDT,0,0.0,,0.0,0.0,0.0,0.0
1771355640698,2026-02-17 19:14:00.698000,ETHUSDT,1,0.002,2008.0999999999997,0.0,0.002,0.0,4.0161999999999995
1771355641700,2026-02-17 19:14:01.700000,ETHUSDT,0,0.0,,0.0,0.0,0.0,0.0
1771355642706,2026-02-17 19:14:02.706000,ETHUSDT,0,0.0,,0.0,0.0,0.0,0.0
1771355643711,2026-02-17 19:14:03.711000,ETHUSDT,0,0.0,,0.0,0.0,0.0,0.0
1771355644716,2026-02-17 19:14:04.716000,ETHUSDT,0,0.0,,0.0,0.0,0.0,0.0
1771355645722,2026-02-17 19:14:05.722000,ETHUSDT,0,0.0,,0.0,0.0,0.0,0.0
1771355646725,2026-02-17 19:14:06.725000,ETHUSDT,7,4.946,2008.4622725434692,3.946,1.0,7925.554399999999,2008.3
1771355647731,2026-02-17 19:14:07.731000,ETHUSDT,2,15.356,2008.8999999999999,15.277,0.079,30689.9653,158.7031
1771355648751,2026-02-17 19:14:08.751000,ETHUSDT,0,0.0,,0.0,0.0,0.0,0.0
1771355649753,2026-02-17 19:14:09.753000,ETHUSDT,1,0.27,2009.0,0.27,0.0,542.4300000000001,0.0
1771355650757,2026-02-17 19:14:10.757000,ETHUSDT,1,21.95,2008.9000000000003,0.0,21.95,0.0,44095.355
1771355651759,2026-02-17 19:14:11.759000,ETHUSDT,0,0.0,,0.0,0.0,0.0,0.0
1771355652760,2026-02-17 19:14:12.760000,ETHUSDT,1,12.546,2008.9999999999998,12.546,0.0,25204.913999999997,0.0
1771355653765,2026-02-17 19:14:13.765000,ETHUSDT,1,0.094,2009.0,0.094,0.0,188.846,0.0
1771355654770,2026-02-17 19:14:14.770000,ETHUSDT,11,41.684999999999995,2009.6258558234376,41.55499999999999,0.13,83509.9668,261.28700000000003
1771355655776,2026-02-17 19:14:15.776000,ETHUSDT,5,3.558,2011.6932265317594,3.558,0.0,7157.6044999999995,0.0
1771355656781,2026-02-17 19:14:16.781000,ETHUSDT,7,65.14999999999999,2011.7951343054492,38.272999999999996,26.877,77002.6798,54065.773199999996
1771355657785,2026-02-17 19:14:17.785000,ETHUSDT,0,0.0,,0.0,0.0,0.0,0.0
1771355658788,2026-02-17 19:14:18.788000,ETHUSDT,3,21.944000000000003,2011.9118255559604,21.944000000000003,0.0,44149.3931,0.0
1771355659793,2026-02-17 19:14:19.793000,ETHUSDT,1,18.051,2011.8000000000002,0.0,18.051,0.0,36315.0018
1771355660797,2026-02-17 19:14:20.797000,ETHUSDT,1,46.96,2011.3,46.96,0.0,94450.648,0.0
1771355661801,2026-02-17 19:14:21.801000,ETHUSDT,0,0.0,,0.0,0.0,0.0,0.0
1771355662806,2026-02-17 19:14:22.806000,ETHUSDT,0,0.0,,0.0,0.0,0.0,0.0
1771355663812,2026-02-17 19:14:23.812000,ETHUSDT,1,56.374,2011.0,0.0,56.374,0.0,113368.114
1771355664817,2026-02-17 19:14:24.817000,ETHUSDT,1,0.011,2011.0999999999997,0.011,0.0,22.122099999999996,0.0
1771355665821,2026-02-17 19:14:25.821000,ETHUSDT,1,0.817,2011.3,0.817,0.0,1643.2321,0.0
1771355666827,2026-02-17 19:14:26.827000,ETHUSDT,0,0.0,,0.0,0.0,0.0,0.0
1771355667833,2026-02-17 19:14:27.833000,ETHUSDT,0,0.0,,0.0,0.0,0.0,0.0
1771355668836,2026-02-17 19:14:28.836000,ETHUSDT,1,2.273,2011.3,2.273,0.0,4571.6849,0.0
1771355669841,2026-02-17 19:14:29.841000,ETHUSDT,0,0.0,,0.0,0.0,0.0,0.0
1771355670848,2026-02-17 19:14:30.848000,ETHUSDT,0,0.0,,0.0,0.0,0.0,0.0
1771355671852,2026-02-17 19:14:31.852000,ETHUSDT,1,0.002,2011.8,0.002,0.0,4.0236,0.0
1771355672856,2026-02-17 19:14:32.856000,ETHUSDT,1,73.6,2012.3000000000002,73.6,0.0,148105.28,0.0
1771355673862,2026-02-17 19:14:33.862000,ETHUSDT,3,8.095,2012.4028659666462,8.095,0.0,16290.401200000002,0.0
1771355674864,2026-02-17 19:14:34.864000,ETHUSDT,0,0.0,,0.0,0.0,0.0,0.0
1771355675865,2026-02-17 19:14:35.865000,ETHUSDT,0,0.0,,0.0,0.0,0.0,0.0
1771355676871,2026-02-17 19:14:36.871000,ETHUSDT,2,58.849,2013.019371612092,11.4,47.449,22949.34,95514.837
1771355677876,2026-02-17 19:14:37.876000,ETHUSDT,0,0.0,,0.0,0.0,0.0,0.0
1771355678881,2026-02-17 19:14:38.881000,ETHUSDT,0,0.0,,0.0,0.0,0.0,0.0
1771355679886,2026-02-17 19:14:39.886000,ETHUSDT,0,0.0,,0.0,0.0,0.0,0.0
1771355680892,2026-02-17 19:14:40.892000,ETHUSDT,0,0.0,,0.0,0.0,0.0,0.0
1771355681898,2026-02-17 19:14:41.898000,ETHUSDT,2,37.128,2012.3999999999999,0.0,37.128,0.0,74716.3872
1771355682900,2026-02-17 19:14:42.900000,ETHUSDT,0,0.0,,0.0,0.0,0.0,0.0
1771355683906,2026-02-17 19:14:43.906000,ETHUSDT,2,24.040000000000003,2012.4996921797006,23.966,0.074,48231.575000000004,148.9176
1771355684912,2026-02-17 19:14:44.912000,ETHUSDT,2,28.459999999999997,2012.4006289529166,0.179,28.281,360.2375,56912.6844
1771355685913,2026-02-17 19:14:45.913000,ETHUSDT,0,0.0,,0.0,0.0,0.0,0.0
1771355686919,2026-02-17 19:14:46.919000,ETHUSDT,0,0.0,,0.0,0.0,0.0,0.0
1771355687925,2026-02-17 19:14:47.925000,ETHUSDT,0,0.0,,0.0,0.0,0.0,0.0
1771355688930,2026-02-17 19:14:48.930000,ETHUSDT,1,72.015,2012.5,0.0,72.015,0.0,144930.1875
1771355689934,2026-02-17 19:14:49.934000,ETHUSDT,0,0.0,,0.0,0.0,0.0,0.0
1771355690940,2026-02-17 19:14:50.940000,ETHUSDT,0,0.0,,0.0,0.0,0.0,0.0
1771355691946,2026-02-17 19:14:51.946000,ETHUSDT,0,0.0,,0.0,0.0,0.0,0.0
1771355692948,2026-02-17 19:14:52.948000,ETHUSDT,0,0.0,,0.0,0.0,0.0,0.0
1771355693953,2026-02-17 19:14:53.953000,ETHUSDT,0,0.0,,0.0,0.0,0.0,0.0
1771355694955,2026-02-17 19:14:54.955000,ETHUSDT,0,0.0,,0.0,0.0,0.0,0.0
1771355695959,2026-02-17 19:14:55.959000,ETHUSDT,0,0.0,,0.0,0.0,0.0,0.0
1771355696964,2026-02-17 19:14:56.964000,ETHUSDT,0,0.0,,0.0,0.0,0.0,0.0
1771355697970,2026-02-17 19:14:57.970000,ETHUSDT,0,0.0,,0.0,0.0,0.0,0.0
1771355698973,2026-02-17 19:14:58.973000,ETHUSDT,2,47.583,2011.8,47.54,0.043,95640.972,86.50739999999999
1771355699978,2026-02-17 19:14:59.978000,ETHUSDT,0,0.0,,0.0,0.0,0.0,0.0
1771355700984,2026-02-17 19:15:00.984000,ETHUSDT,1,40.759,2010.9,0.0,40.759,0.0,81962.2731
1771355701988,2026-02-17 19:15:01.988000,ETHUSDT,1,0.01,2011.5000000000002,0.0,0.01,0.0,20.115000000000002
1771355702999,2026-02-17 19:15:02.999000,ETHUSDT,1,1.138,2012.4,0.0,1.138,0.0,2290.1112
1771355704000,2026-02-17 19:15:04.000000,ETHUSDT,0,0.0,,0.0,0.0,0.0,0.0
1771355705004,2026-02-17 19:15:05.004000,ETHUSDT,0,0.0,,0.0,0.0,0.0,0.0
1771355706007,2026-02-17 19:15:06.007000,ETHUSDT,0,0.0,,0.0,0.0,0.0,0.0
1771355707009,2026-02-17 19:15:07.009000,ETHUSDT,1,60.502,2012.5,0.0,60.502,0.0,121760.27500000001
1771355708014,2026-02-17 19:15:08.014000,ETHUSDT,0,0.0,,0.0,0.0,0.0,0.0
1771355709019,2026-02-17 19:15:09.019000,ETHUSDT,0,0.0,,0.0,0.0,0.0,0.0
1771355710022,2026-02-17 19:15:10.022000,ETHUSDT,1,72.8,2012.5,72.8,0.0,146510.0,0.0
1771355711028,2026-02-17 19:15:11.028000,ETHUSDT,0,0.0,,0.0,0.0,0.0,0.0
1771355712032,2026-02-17 19:15:12.032000,ETHUSDT,0,0.0,,0.0,0.0,0.0,0.0
1771355713039,2026-02-17 19:15:13.039000,ETHUSDT,1,0.005,2012.5,0.0,0.005,0.0,10.0625
1771355714046,2026-02-17 19:15:14.046000,ETHUSDT,1,0.179,2012.7,0.0,0.179,0.0,360.2733
1771355715048,2026-02-17 19:15:15.048000,ETHUSDT,0,0.0,,0.0,0.0,0.0,0.0
1771355716052,2026-02-17 19:15:16.052000,ETHUSDT,2,29.214000000000002,2013.1994591634148,29.214000000000002,0.0,58813.609000000004,0.0
1771355717057,2026-02-17 19:15:17.057000,ETHUSDT,1,0.061,2013.5,0.061,0.0,122.8235,0.0
1771355718063,2026-02-17 19:15:18.063000,ETHUSDT,2,0.39,2014.018717948718,0.39,0.0,785.4673,0.0
1771355719068,2026-02-17 19:15:19.068000,ETHUSDT,2,37.86,2014.1000079239302,0.003,37.857,6.0426,76247.7837
1771355720075,2026-02-17 19:15:20.075000,ETHUSDT,2,3.468,2014.40008650519,3.468,0.0,6985.9394999999995,0.0
1771355721078,2026-02-17 19:15:21.078000,ETHUSDT,0,0.0,,0.0,0.0,0.0,0.0
1771355722085,2026-02-17 19:15:22.085000,ETHUSDT,1,34.256,2014.0,34.256,0.0,68991.584,0.0
1771355723087,2026-02-17 19:15:23.087000,ETHUSDT,1,2.909,2013.2,0.0,2.909,0.0,5856.3988
1771355724088,2026-02-17 19:15:24.088000,ETHUSDT,1,0.059,2013.2,0.059,0.0,118.77879999999999,0.0
1771355725093,2026-02-17 19:15:25.093000,ETHUSDT,0,0.0,,0.0,0.0,0.0,0.0
1771355726098,2026-02-17 19:15:26.098000,ETHUSDT,1,22.639,2013.6,0.0,22.639,0.0,45585.8904
1771355727102,2026-02-17 19:15:27.102000,ETHUSDT,0,0.0,,0.0,0.0,0.0,0.0
1771355728106,2026-02-17 19:15:28.106000,ETHUSDT,1,34.666,2013.0,34.666,0.0,69782.658,0.0
1771355729113,2026-02-17 19:15:29.113000,ETHUSDT,0,0.0,,0.0,0.0,0.0,0.0
1771355730118,2026-02-17 19:15:30.118000,ETHUSDT,1,0.016,2012.3000000000002,0.0,0.016,0.0,32.1968
1771355731124,2026-02-17 19:15:31.124000,ETHUSDT,0,0.0,,0.0,0.0,0.0,0.0
1771355732129,2026-02-17 19:15:32.129000,ETHUSDT,0,0.0,,0.0,0.0,0.0,0.0
1771355733135,2026-02-17 19:15:33.135000,ETHUSDT,1,41.168,2012.1,41.168,0.0,82834.13279999999,0.0
1771355734139,2026-02-17 19:15:34.139000,ETHUSDT,0,0.0,,0.0,0.0,0.0,0.0
1771355735145,2026-02-17 19:15:35.145000,ETHUSDT,0,0.0,,0.0,0.0,0.0,0.0
1771355736151,2026-02-17 19:15:36.151000,ETHUSDT,2,0.045,2011.7955555555552,0.0,0.045,0.0,90.53079999999999
1771355737155,2026-02-17 19:15:37.155000,ETHUSDT,3,34.582,2011.7,0.0,34.582,0.0,69568.6094
1771355738155,2026-02-17 19:15:38.155000,ETHUSDT,0,0.0,,0.0,0.0,0.0,0.0
1771355739161,2026-02-17 19:15:39.161000,ETHUSDT,0,0.0,,0.0,0.0,0.0,0.0
1771355740164,2026-02-17 19:15:40.164000,ETHUSDT,0,0.0,,0.0,0.0,0.0,0.0
1771355741168,2026-02-17 19:15:41.168000,ETHUSDT,0,0.0,,0.0,0.0,0.0,0.0
1771355742171,2026-02-17 19:15:42.171000,ETHUSDT,1,39.338,2011.2,0.0,39.338,0.0,79116.5856
1771355743176,2026-02-17 19:15:43.176000,ETHUSDT,1,0.002,2011.2999999999997,0.002,0.0,4.0226,0.0
1771355744189,2026-02-17 19:15:44.189000,ETHUSDT,0,0.0,,0.0,0.0,0.0,0.0
1771355745194,2026-02-17 19:15:45.194000,ETHUSDT,0,0.0,,0.0,0.0,0.0,0.0
1771355746198,2026-02-17 19:15:46.198000,ETHUSDT,1,13.115,2011.0,13.115,0.0,26374.265,0.0
1771355747203,2026-02-17 19:15:47.203000,ETHUSDT,1,20.711,2011.0,20.711,0.0,41649.820999999996,0.0
1771355748209,2026-02-17 19:15:48.209000,ETHUSDT,0,0.0,,0.0,0.0,0.0,0.0
1771355749212,2026-02-17 19:15:49.212000,ETHUSDT,2,34.884,2011.100332530673,0.0,34.884,0.0,70155.224
1771355750218,2026-02-17 19:15:50.218000,ETHUSDT,0,0.0,,0.0,0.0,0.0,0.0
1771355751224,2026-02-17 19:15:51.224000,ETHUSDT,1,0.027,2011.8,0.027,0.0,54.318599999999996,0.0
1771355752229,2026-02-17 19:15:52.229000,ETHUSDT,1,0.027,2012.8,0.027,0.0,54.3456,0.0
1771355753235,2026-02-17 19:15:53.235000,ETHUSDT,0,0.0,,0.0,0.0,0.0,0.0
1771355754241,2026-02-17 19:15:54.241000,ETHUSDT,0,0.0,,0.0,0.0,0.0,0.0
1771355755247,2026-02-17 19:15:55.247000,ETHUSDT,1,33.515,2013.2,0.0,33.515,0.0,67472.398
1771355756251,2026-02-17 19:15:56.251000,ETHUSDT,0,0.0,,0.0,0.0,0.0,0.0
1771355757256,2026-02-17 19:15:57.256000,ETHUSDT,0,0.0,,0.0,0.0,0.0,0.0
1771355758264,2026-02-17 19:15:58.264000,ETHUSDT,1,17.8,2012.8000000000002,17.8,0.0,35827.840000000004,0.0
1771355759268,2026-02-17 19:15:59.268000,ETHUSDT,0,0.0,,0.0,0.0,0.0,0.0
1771355760271,2026-02-17 19:16:00.271000,ETHUSDT,2,13.180000000000001,2012.3999999999999,13.178,0.002,26519.4072,4.0248
1771355761275,2026-02-17 19:16:01.275000,ETHUSDT,1,26.62,2012.4,0.0,26.62,0.0,53570.088
1771355762281,2026-02-17 19:16:02.281000,ETHUSDT,0,0.0,,0.0,0.0,0.0,0.0
1771355763284,2026-02-17 19:16:03.284000,ETHUSDT,0,0.0,,0.0,0.0,0.0,0.0
1771355764289,2026-02-17 19:16:04.289000,ETHUSDT,1,32.245,2011.3,32.245,0.0,64854.3685,0.0
1771355765299,2026-02-17 19:16:05.299000,ETHUSDT,1,0.003,2011.1,0.0,0.003,0.0,6.0333
1771355766305,2026-02-17 19:16:06.305000,ETHUSDT,1,0.194,2010.7999999999997,0.0,0.194,0.0,390.0952
1771355767311,2026-02-17 19:16:07.311000,ETHUSDT,0,0.0,,0.0,0.0,0.0,0.0
1771355768314,2026-02-17 19:16:08.314000,ETHUSDT,0,0.0,,0.0,0.0,0.0,0.0
1771355769318,2026-02-17 19:16:09.318000,ETHUSDT,2,27.413999999999998,2010.4003064127817,27.413999999999998,0.0,55113.113999999994,0.0
1771355770324,2026-02-17 19:16:10.324000,ETHUSDT,0,0.0,,0.0,0.0,0.0,0.0
1771355771329,2026-02-17 19:16:11.329000,ETHUSDT,2,0.133,2010.6045112781953,0.133,0.0,267.4104,0.0
1771355772334,2026-02-17 19:16:12.334000,ETHUSDT,1,19.965,2011.2,0.0,19.965,0.0,40153.608
1771355773338,2026-02-17 19:16:13.338000,ETHUSDT,0,0.0,,0.0,0.0,0.0,0.0
1771355774344,2026-02-17 19:16:14.344000,ETHUSDT,1,25.304,2011.3999999999999,25.304,0.0,50896.465599999996,0.0
1771355775350,2026-02-17 19:16:15.350000,ETHUSDT,0,0.0,,0.0,0.0,0.0,0.0
1771355776356,2026-02-17 19:16:16.356000,ETHUSDT,0,0.0,,0.0,0.0,0.0,0.0
1771355777363,2026-02-17 19:16:17.363000,ETHUSDT,0,0.0,,0.0,0.0,0.0,0.0
1771355778367,2026-02-17 19:16:18.367000,ETHUSDT,0,0.0,,0.0,0.0,0.0,0.0
1771355779373,2026-02-17 19:16:19.373000,ETHUSDT,0,0.0,,0.0,0.0,0.0,0.0
1771355780379,2026-02-17 19:16:20.379000,ETHUSDT,0,0.0,,0.0,0.0,0.0,0.0
1771355781384,2026-02-17 19:16:21.384000,ETHUSDT,0,0.0,,0.0,0.0,0.0,0.0
1771355782390,2026-02-17 19:16:22.390000,ETHUSDT,0,0.0,,0.0,0.0,0.0,0.0
1771355783393,2026-02-17 19:16:23.393000,ETHUSDT,0,0.0,,0.0,0.0,0.0,0.0
1771355784397,2026-02-17 19:16:24.397000,ETHUSDT,2,3.002,2010.2000000000003,0.0,3.002,0.0,6034.620400000001
1771355785402,2026-02-17 19:16:25.402000,ETHUSDT,3,7.143,2010.1989360212797,0.068,7.075,136.686,14222.165
1771355786408,2026-02-17 19:16:26.408000,ETHUSDT,2,22.573999999999998,2010.68828298042,2.645,19.929,5318.036999999999,40071.2403
1771355787413,2026-02-17 19:16:27.413000,ETHUSDT,0,0.0,,0.0,0.0,0.0,0.0
1771355788417,2026-02-17 19:16:28.417000,ETHUSDT,0,0.0,,0.0,0.0,0.0,0.0
1771355789420,2026-02-17 19:16:29.420000,ETHUSDT,1,0.011,2010.1,0.0,0.011,0.0,22.111099999999997
1771355790424,2026-02-17 19:16:30.424000,ETHUSDT,1,3.0,2010.4000000000003,0.0,3.0,0.0,6031.200000000001
1771355791430,2026-02-17 19:16:31.430000,ETHUSDT,0,0.0,,0.0,0.0,0.0,0.0
1771355792434,2026-02-17 19:16:32.434000,ETHUSDT,0,0.0,,0.0,0.0,0.0,0.0
1771355793439,2026-02-17 19:16:33.439000,ETHUSDT,1,22.663,2010.4,0.0,22.663,0.0,45561.6952
1771355794445,2026-02-17 19:16:34.445000,ETHUSDT,0,0.0,,0.0,0.0,0.0,0.0
1771355795447,2026-02-17 19:16:35.447000,ETHUSDT,0,0.0,,0.0,0.0,0.0,0.0
1771355796450,2026-02-17 19:16:36.450000,ETHUSDT,1,0.002,2010.0000000000002,0.0,0.002,0.0,4.0200000000000005
1771355797455,2026-02-17 19:16:37.455000,ETHUSDT,1,0.486,2009.4,0.0,0.486,0.0,976.5684
1771355798459,2026-02-17 19:16:38.459000,ETHUSDT,1,0.003,2010.5,0.003,0.0,6.0315,0.0
1771355799462,2026-02-17 19:16:39.462000,ETHUSDT,1,16.022,2010.1,16.022,0.0,32205.822199999995,0.0
1771355800468,2026-02-17 19:16:40.468000,ETHUSDT,1,2.302,2010.0000000000002,0.0,2.302,0.0,4627.02
1771355801471,2026-02-17 19:16:41.471000,ETHUSDT,2,13.56,2010.0,0.0,13.56,0.0,27255.600000000002
1771355802475,2026-02-17 19:16:42.475000,ETHUSDT,0,0.0,,0.0,0.0,0.0,0.0
1771355803480,2026-02-17 19:16:43.480000,ETHUSDT,0,0.0,,0.0,0.0,0.0,0.0
1771355804486,2026-02-17 19:16:44.486000,ETHUSDT,0,0.0,,0.0,0.0,0.0,0.0
1771355805493,2026-02-17 19:16:45.493000,ETHUSDT,1,18.457,2010.7,18.457,0.0,37111.4899,0.0
1771355806496,2026-02-17 19:16:46.496000,ETHUSDT,1,1.0,2010.5,0.0,1.0,0.0,2010.5
1771355807501,2026-02-17 19:16:47.501000,ETHUSDT,1,11.063,2010.1,11.063,0.0,22237.7363,0.0
1771355808506,2026-02-17 19:16:48.506000,ETHUSDT,1,34.262,2010.1,0.0,34.262,0.0,68870.0462
1771355809508,2026-02-17 19:16:49.508000,ETHUSDT,0,0.0,,0.0,0.0,0.0,0.0
1771355810514,2026-02-17 19:16:50.514000,ETHUSDT,0,0.0,,0.0,0.0,0.0,0.0
1771355811518,2026-02-17 19:16:51.518000,ETHUSDT,0,0.0,,0.0,0.0,0.0,0.0
1771355812521,2026-02-17 19:16:52.521000,ETHUSDT,1,22.94,2010.0,22.94,0.0,46109.4,0.0
1771355813527,2026-02-17 19:16:53.527000,ETHUSDT,0,0.0,,0.0,0.0,0.0,0.0
1771355814531,2026-02-17 19:16:54.531000,ETHUSDT,2,35.585,2009.7999999999997,35.579,0.006,71506.6742,12.0588
1771355815534,2026-02-17 19:16:55.534000,ETHUSDT,2,0.17500000000000002,2009.2377142857142,0.164,0.011,329.5088,22.107799999999997
1771355816538,2026-02-17 19:16:56.538000,ETHUSDT,1,0.003,2009.5,0.0,0.003,0.0,6.0285
1771355817545,2026-02-17 19:16:57.545000,ETHUSDT,0,0.0,,0.0,0.0,0.0,0.0
1771355818550,2026-02-17 19:16:58.550000,ETHUSDT,1,13.684,2009.1,0.0,13.684,0.0,27492.5244
1771355819555,2026-02-17 19:16:59.555000,ETHUSDT,1,22.19,2008.9999999999998,0.0,22.19,0.0,44579.71
1771355820562,2026-02-17 19:17:00.562000,ETHUSDT,1,0.002,2008.9999999999998,0.0,0.002,0.0,4.018
1771355821568,2026-02-17 19:17:01.568000,ETHUSDT,1,3.506,2009.0,0.0,3.506,0.0,7043.553999999999
1771355822574,2026-02-17 19:17:02.574000,ETHUSDT,0,0.0,,0.0,0.0,0.0,0.0
1771355823577,2026-02-17 19:17:03.577000,ETHUSDT,1,18.862,2009.4,0.0,18.862,0.0,37901.3028
1771355824579,2026-02-17 19:17:04.579000,ETHUSDT,1,1.756,2009.6,0.0,1.756,0.0,3528.8576
1771355825582,2026-02-17 19:17:05.582000,ETHUSDT,1,36.511,2009.6,36.511,0.0,73372.5056,0.0
1771355826586,2026-02-17 19:17:06.586000,ETHUSDT,0,0.0,,0.0,0.0,0.0,0.0
1771355827591,2026-02-17 19:17:07.591000,ETHUSDT,0,0.0,,0.0,0.0,0.0,0.0
1771355828594,2026-02-17 19:17:08.594000,ETHUSDT,0,0.0,,0.0,0.0,0.0,0.0
1771355829597,2026-02-17 19:17:09.597000,ETHUSDT,2,36.759,2009.5,0.0,36.759,0.0,73867.2105
1771355830601,2026-02-17 19:17:10.601000,ETHUSDT,0,0.0,,0.0,0.0,0.0,0.0
1771355831607,2026-02-17 19:17:11.607000,ETHUSDT,0,0.0,,0.0,0.0,0.0,0.0
1771355832612,2026-02-17 19:17:12.612000,ETHUSDT,1,0.002,2009.3,0.0,0.002,0.0,4.0186
1771355833619,2026-02-17 19:17:13.619000,ETHUSDT,0,0.0,,0.0,0.0,0.0,0.0
1771355834626,2026-02-17 19:17:14.626000,ETHUSDT,1,11.541,2009.3000000000002,0.0,11.541,0.0,23189.3313
1771355835635,2026-02-17 19:17:15.635000,ETHUSDT,1,0.064,2009.5999999999997,0.064,0.0,128.6144,0.0
1771355836641,2026-02-17 19:17:16.641000,ETHUSDT,0,0.0,,0.0,0.0,0.0,0.0
1771355837647,2026-02-17 19:17:17.647000,ETHUSDT,1,15.72,2009.6,15.72,0.0,31590.912,0.0
1771355838651,2026-02-17 19:17:18.651000,ETHUSDT,0,0.0,,0.0,0.0,0.0,0.0
1771355839658,2026-02-17 19:17:19.658000,ETHUSDT,1,0.057,2009.4,0.057,0.0,114.53580000000001,0.0
1771355840663,2026-02-17 19:17:20.663000,ETHUSDT,1,21.277,2009.2,21.277,0.0,42749.748400000004,0.0
1771355841668,2026-02-17 19:17:21.668000,ETHUSDT,0,0.0,,0.0,0.0,0.0,0.0
1771355842672,2026-02-17 19:17:22.672000,ETHUSDT,1,36.291,2009.0,0.0,36.291,0.0,72908.61899999999
1771355843679,2026-02-17 19:17:23.679000,ETHUSDT,0,0.0,,0.0,0.0,0.0,0.0
1771355844685,2026-02-17 19:17:24.685000,ETHUSDT,1,0.002,2009.3,0.0,0.002,0.0,4.0186
1771355845691,2026-02-17 19:17:25.691000,ETHUSDT,0,0.0,,0.0,0.0,0.0,0.0
1771355846693,2026-02-17 19:17:26.693000,ETHUSDT,1,0.08,2009.8,0.08,0.0,160.784,0.0
1771355847697,2026-02-17 19:17:27.697000,ETHUSDT,0,0.0,,0.0,0.0,0.0,0.0
1771355848704,2026-02-17 19:17:28.704000,ETHUSDT,0,0.0,,0.0,0.0,0.0,0.0
1771355849727,2026-02-17 19:17:29.727000,ETHUSDT,0,0.0,,0.0,0.0,0.0,0.0
1771355850734,2026-02-17 19:17:30.734000,ETHUSDT,2,13.575000000000001,2009.300014732965,0.002,13.573,4.018800000000001,27272.228900000002
1771355851737,2026-02-17 19:17:31.737000,ETHUSDT,0,0.0,,0.0,0.0,0.0,0.0
1771355852743,2026-02-17 19:17:32.743000,ETHUSDT,0,0.0,,0.0,0.0,0.0,0.0
1771355853745,2026-02-17 19:17:33.745000,ETHUSDT,0,0.0,,0.0,0.0,0.0,0.0
1771355854751,2026-02-17 19:17:34.751000,ETHUSDT,0,0.0,,0.0,0.0,0.0,0.0
1771355855755,2026-02-17 19:17:35.755000,ETHUSDT,1,15.268,2010.3,15.268,0.0,30693.2604,0.0
1771355856762,2026-02-17 19:17:36.762000,ETHUSDT,0,0.0,,0.0,0.0,0.0,0.0
1771355857768,2026-02-17 19:17:37.768000,ETHUSDT,2,14.699,2010.3002925369071,14.699,0.0,29549.404,0.0
1771355858774,2026-02-17 19:17:38.774000,ETHUSDT,1,0.588,2010.7,0.0,0.588,0.0,1182.2916
1771355859781,2026-02-17 19:17:39.781000,ETHUSDT,1,17.642,2010.6999999999998,0.0,17.642,0.0,35472.7694
1771355860785,2026-02-17 19:17:40.785000,ETHUSDT,0,0.0,,0.0,0.0,0.0,0.0
1771355861789,2026-02-17 19:17:41.789000,ETHUSDT,0,0.0,,0.0,0.0,0.0,0.0
1771355862793,2026-02-17 19:17:42.793000,ETHUSDT,1,9.065,2011.3,9.065,0.0,18232.4345,0.0
1771355863797,2026-02-17 19:17:43.797000,ETHUSDT,1,22.944,2011.3,22.944,0.0,46147.267199999995,0.0
1771355864806,2026-02-17 19:17:44.806000,ETHUSDT,0,0.0,,0.0,0.0,0.0,0.0
1771355865812,2026-02-17 19:17:45.812000,ETHUSDT,0,0.0,,0.0,0.0,0.0,0.0
1771355866818,2026-02-17 19:17:46.818000,ETHUSDT,0,0.0,,0.0,0.0,0.0,0.0
1771355867823,2026-02-17 19:17:47.823000,ETHUSDT,1,23.124,2011.3,0.0,23.124,0.0,46509.301199999994
1771355868826,2026-02-17 19:17:48.826000,ETHUSDT,0,0.0,,0.0,0.0,0.0,0.0
1771355869833,2026-02-17 19:17:49.833000,ETHUSDT,0,0.0,,0.0,0.0,0.0,0.0
1771355870840,2026-02-17 19:17:50.840000,ETHUSDT,0,0.0,,0.0,0.0,0.0,0.0
1771355871846,2026-02-17 19:17:51.846000,ETHUSDT,1,0.131,2011.5,0.0,0.131,0.0,263.5065
1771355872852,2026-02-17 19:17:52.852000,ETHUSDT,0,0.0,,0.0,0.0,0.0,0.0
1771355873859,2026-02-17 19:17:53.859000,ETHUSDT,0,0.0,,0.0,0.0,0.0,0.0
1771355874863,2026-02-17 19:17:54.863000,ETHUSDT,2,5.968999999999999,2011.5000670129,0.004,5.965,8.0464,11998.5975
1771355875866,2026-02-17 19:17:55.866000,ETHUSDT,1,16.983,2011.4999999999998,0.0,16.983,0.0,34161.3045
1771355876874,2026-02-17 19:17:56.874000,ETHUSDT,0,0.0,,0.0,0.0,0.0,0.0
1771355877882,2026-02-17 19:17:57.882000,ETHUSDT,0,0.0,,0.0,0.0,0.0,0.0
1771355878885,2026-02-17 19:17:58.885000,ETHUSDT,0,0.0,,0.0,0.0,0.0,0.0
1771355879890,2026-02-17 19:17:59.890000,ETHUSDT,0,0.0,,0.0,0.0,0.0,0.0
1771355880896,2026-02-17 19:18:00.896000,ETHUSDT,0,0.0,,0.0,0.0,0.0,0.0
1771355881901,2026-02-17 19:18:01.901000,ETHUSDT,1,8.307,2011.5,0.0,8.307,0.0,16709.5305
1771355882905,2026-02-17 19:18:02.905000,ETHUSDT,0,0.0,,0.0,0.0,0.0,0.0
1771355883909,2026-02-17 19:18:03.909000,ETHUSDT,0,0.0,,0.0,0.0,0.0,0.0
1771355884914,2026-02-17 19:18:04.914000,ETHUSDT,1,5.312,2011.7,0.0,5.312,0.0,10686.1504
1771355885921,2026-02-17 19:18:05.921000,ETHUSDT,0,0.0,,0.0,0.0,0.0,0.0
1771355886926,2026-02-17 19:18:06.926000,ETHUSDT,2,0.436,2011.7541284403671,0.236,0.2,474.78479999999996,402.34000000000003
1771355887931,2026-02-17 19:18:07.931000,ETHUSDT,0,0.0,,0.0,0.0,0.0,0.0
1771355888937,2026-02-17 19:18:08.937000,ETHUSDT,0,0.0,,0.0,0.0,0.0,0.0
1771355889939,2026-02-17 19:18:09.939000,ETHUSDT,1,16.704,2011.7,16.704,0.0,33603.4368,0.0
1771355890945,2026-02-17 19:18:10.945000,ETHUSDT,0,0.0,,0.0,0.0,0.0,0.0
1771355891947,2026-02-17 19:18:11.947000,ETHUSDT,0,0.0,,0.0,0.0,0.0,0.0
1771355892952,2026-02-17 19:18:12.952000,ETHUSDT,0,0.0,,0.0,0.0,0.0,0.0
1771355893956,2026-02-17 19:18:13.956000,ETHUSDT,0,0.0,,0.0,0.0,0.0,0.0
1771355894961,2026-02-17 19:18:14.961000,ETHUSDT,0,0.0,,0.0,0.0,0.0,0.0
1771355895967,2026-02-17 19:18:15.967000,ETHUSDT,1,13.462,2012.3,13.462,0.0,27089.582599999998,0.0
1771355896972,2026-02-17 19:18:16.972000,ETHUSDT,0,0.0,,0.0,0.0,0.0,0.0
1771355897977,2026-02-17 19:18:17.977000,ETHUSDT,0,0.0,,0.0,0.0,0.0,0.0
1771355898983,2026-02-17 19:18:18.983000,ETHUSDT,1,10.833,2011.4,0.0,10.833,0.0,21789.4962
1771355899995,2026-02-17 19:18:19.995000,ETHUSDT,0,0.0,,0.0,0.0,0.0,0.0
1771355900998,2026-02-17 19:18:20.998000,ETHUSDT,0,0.0,,0.0,0.0,0.0,0.0
1771355902002,2026-02-17 19:18:22.002000,ETHUSDT,1,9.08,2011.4000000000003,0.0,9.08,0.0,18263.512000000002
1771355903007,2026-02-17 19:18:23.007000,ETHUSDT,0,0.0,,0.0,0.0,0.0,0.0
1771355904011,2026-02-17 19:18:24.011000,ETHUSDT,1,13.942,2011.2,13.942,0.0,28040.150400000002,0.0
1771355905014,2026-02-17 19:18:25.014000,ETHUSDT,0,0.0,,0.0,0.0,0.0,0.0
1771355906020,2026-02-17 19:18:26.020000,ETHUSDT,0,0.0,,0.0,0.0,0.0,0.0
1771355907022,2026-02-17 19:18:27.022000,ETHUSDT,3,17.58,2010.4044141069403,0.0,17.58,0.0,35342.909600000006
1771355908026,2026-02-17 19:18:28.026000,ETHUSDT,0,0.0,,0.0,0.0,0.0,0.0
1771355909031,2026-02-17 19:18:29.031000,ETHUSDT,0,0.0,,0.0,0.0,0.0,0.0
1771355910032,2026-02-17 19:18:30.032000,ETHUSDT,0,0.0,,0.0,0.0,0.0,0.0
1771355911034,2026-02-17 19:18:31.034000,ETHUSDT,3,9.128,2010.0001971954428,9.128,0.0,18347.2818,0.0
1771355912035,2026-02-17 19:18:32.035000,ETHUSDT,0,0.0,,0.0,0.0,0.0,0.0
1771355913038,2026-02-17 19:18:33.038000,ETHUSDT,1,10.46,2010.3,10.46,0.0,21027.738,0.0
1771355914044,2026-02-17 19:18:34.044000,ETHUSDT,0,0.0,,0.0,0.0,0.0,0.0
1771355915048,2026-02-17 19:18:35.048000,ETHUSDT,0,0.0,,0.0,0.0,0.0,0.0
1771355916050,2026-02-17 19:18:36.050000,ETHUSDT,0,0.0,,0.0,0.0,0.0,0.0
1771355917055,2026-02-17 19:18:37.055000,ETHUSDT,0,0.0,,0.0,0.0,0.0,0.0
1771355918063,2026-02-17 19:18:38.063000,ETHUSDT,1,13.286,2009.6,13.286,0.0,26699.545599999998,0.0
1771355919066,2026-02-17 19:18:39.066000,ETHUSDT,0,0.0,,0.0,0.0,0.0,0.0
1771355920073,2026-02-17 19:18:40.073000,ETHUSDT,2,8.474,2009.4,0.0,8.474,0.0,17027.655600000002
1771355921080,2026-02-17 19:18:41.080000,ETHUSDT,0,0.0,,0.0,0.0,0.0,0.0
1771355922086,2026-02-17 19:18:42.086000,ETHUSDT,0,0.0,,0.0,0.0,0.0,0.0
1771355923091,2026-02-17 19:18:43.091000,ETHUSDT,2,13.302000000000001,2010.4999398586676,0.002,13.3,4.0202,26739.65
1771355924097,2026-02-17 19:18:44.097000,ETHUSDT,0,0.0,,0.0,0.0,0.0,0.0
1771355925103,2026-02-17 19:18:45.103000,ETHUSDT,1,0.047,2010.6,0.047,0.0,94.4982,0.0
1771355926109,2026-02-17 19:18:46.109000,ETHUSDT,0,0.0,,0.0,0.0,0.0,0.0
1771355927114,2026-02-17 19:18:47.114000,ETHUSDT,2,10.119,2010.8000296471982,0.003,10.116,6.0327,20341.2528
1771355928117,2026-02-17 19:18:48.117000,ETHUSDT,0,0.0,,0.0,0.0,0.0,0.0
1771355929122,2026-02-17 19:18:49.122000,ETHUSDT,1,12.022,2010.3999999999999,12.022,0.0,24169.0288,0.0
1771355930129,2026-02-17 19:18:50.129000,ETHUSDT,0,0.0,,0.0,0.0,0.0,0.0
1771355931135,2026-02-17 19:18:51.135000,ETHUSDT,1,12.247,2010.4,0.0,12.247,0.0,24621.3688
1771355932141,2026-02-17 19:18:52.141000,ETHUSDT,0,0.0,,0.0,0.0,0.0,0.0
1771355933146,2026-02-17 19:18:53.146000,ETHUSDT,1,7.894,2009.6999999999998,7.894,0.0,15864.5718,0.0
1771355934152,2026-02-17 19:18:54.152000,ETHUSDT,0,0.0,,0.0,0.0,0.0,0.0
1771355935156,2026-02-17 19:18:55.156000,ETHUSDT,0,0.0,,0.0,0.0,0.0,0.0
1771355936162,2026-02-17 19:18:56.162000,ETHUSDT,0,0.0,,0.0,0.0,0.0,0.0
1771355937163,2026-02-17 19:18:57.163000,ETHUSDT,0,0.0,,0.0,0.0,0.0,0.0
1771355938168,2026-02-17 19:18:58.168000,ETHUSDT,1,0.03,2009.4,0.0,0.03,0.0,60.282000000000004
1771355939173,2026-02-17 19:18:59.173000,ETHUSDT,2,6.9239999999999995,2009.016262276141,1.126,5.798,2262.2465999999995,11648.182
1771355940180,2026-02-17 19:19:00.180000,ETHUSDT,1,0.002,2008.9999999999998,0.0,0.002,0.0,4.018
1771355941183,2026-02-17 19:19:01.183000,ETHUSDT,1,29.297,2009.8,29.297,0.0,58881.1106,0.0
1771355942190,2026-02-17 19:19:02.190000,ETHUSDT,0,0.0,,0.0,0.0,0.0,0.0
1771355943196,2026-02-17 19:19:03.196000,ETHUSDT,0,0.0,,0.0,0.0,0.0,0.0
1771355944201,2026-02-17 19:19:04.201000,ETHUSDT,0,0.0,,0.0,0.0,0.0,0.0
1771355945207,2026-02-17 19:19:05.207000,ETHUSDT,0,0.0,,0.0,0.0,0.0,0.0
1771355946214,2026-02-17 19:19:06.214000,ETHUSDT,1,23.878,2009.2,0.0,23.878,0.0,47975.6776
1771355947219,2026-02-17 19:19:07.219000,ETHUSDT,1,0.2,2008.8,0.0,0.2,0.0,401.76
1771355948225,2026-02-17 19:19:08.225000,ETHUSDT,1,0.307,2008.6,0.0,0.307,0.0,616.6401999999999
1771355949231,2026-02-17 19:19:09.231000,ETHUSDT,1,28.361,2008.4,28.361,0.0,56960.2324,0.0
1771355950236,2026-02-17 19:19:10.236000,ETHUSDT,0,0.0,,0.0,0.0,0.0,0.0
1771355951239,2026-02-17 19:19:11.239000,ETHUSDT,0,0.0,,0.0,0.0,0.0,0.0
1771355952245,2026-02-17 19:19:12.245000,ETHUSDT,1,12.929,2008.4,0.0,12.929,0.0,25966.603600000002
1771355953249,2026-02-17 19:19:13.249000,ETHUSDT,0,0.0,,0.0,0.0,0.0,0.0
1771355954255,2026-02-17 19:19:14.255000,ETHUSDT,2,32.631,2007.7,32.628,0.003,65507.2356,6.0231
1771355955259,2026-02-17 19:19:15.259000,ETHUSDT,1,0.043,2007.6,0.0,0.043,0.0,86.32679999999999
1771355956260,2026-02-17 19:19:16.260000,ETHUSDT,0,0.0,,0.0,0.0,0.0,0.0
1771355957264,2026-02-17 19:19:17.264000,ETHUSDT,1,31.484,2007.6,0.0,31.484,0.0,63207.2784
1771355958270,2026-02-17 19:19:18.270000,ETHUSDT,0,0.0,,0.0,0.0,0.0,0.0
1771355959272,2026-02-17 19:19:19.272000,ETHUSDT,1,0.194,2006.7,0.0,0.194,0.0,389.2998
1771355960278,2026-02-17 19:19:20.278000,ETHUSDT,1,0.043,2006.2,0.0,0.043,0.0,86.2666
1771355961281,2026-02-17 19:19:21.281000,ETHUSDT,1,13.423,2005.4,13.423,0.0,26918.484200000003,0.0
1771355962286,2026-02-17 19:19:22.286000,ETHUSDT,0,0.0,,0.0,0.0,0.0,0.0
1771355963291,2026-02-17 19:19:23.291000,ETHUSDT,1,0.501,2005.4,0.0,0.501,0.0,1004.7054
1771355964294,2026-02-17 19:19:24.294000,ETHUSDT,1,0.002,2005.3,0.0,0.002,0.0,4.0106
1771355965297,2026-02-17 19:19:25.297000,ETHUSDT,2,22.426000000000002,2005.3985864621422,22.109,0.317,44337.388600000006,635.6801
1771355966303,2026-02-17 19:19:26.303000,ETHUSDT,0,0.0,,0.0,0.0,0.0,0.0
1771355967304,2026-02-17 19:19:27.304000,ETHUSDT,1,26.614,2005.2,0.0,26.614,0.0,53366.3928
1771355968308,2026-02-17 19:19:28.308000,ETHUSDT,0,0.0,,0.0,0.0,0.0,0.0
1771355969313,2026-02-17 19:19:29.313000,ETHUSDT,0,0.0,,0.0,0.0,0.0,0.0
1771355970318,2026-02-17 19:19:30.318000,ETHUSDT,2,18.641000000000002,2005.200016093557,18.641000000000002,0.0,37378.9335,0.0
1771355971323,2026-02-17 19:19:31.323000,ETHUSDT,0,0.0,,0.0,0.0,0.0,0.0
1771355972325,2026-02-17 19:19:32.325000,ETHUSDT,2,37.589000000000006,2005.2000053207053,37.589000000000006,0.0,75373.463,0.0
1771355973327,2026-02-17 19:19:33.327000,ETHUSDT,0,0.0,,0.0,0.0,0.0,0.0
1771355974330,2026-02-17 19:19:34.330000,ETHUSDT,1,0.3,2005.4,0.3,0.0,601.62,0.0
1771355975334,2026-02-17 19:19:35.334000,ETHUSDT,0,0.0,,0.0,0.0,0.0,0.0
1771355976340,2026-02-17 19:19:36.340000,ETHUSDT,0,0.0,,0.0,0.0,0.0,0.0
1771355977343,2026-02-17 19:19:37.343000,ETHUSDT,0,0.0,,0.0,0.0,0.0,0.0
1771355978349,2026-02-17 19:19:38.349000,ETHUSDT,0,0.0,,0.0,0.0,0.0,0.0
1771355979351,2026-02-17 19:19:39.351000,ETHUSDT,1,14.419,2005.6,0.0,14.419,0.0,28918.7464
1771355980355,2026-02-17 19:19:40.355000,ETHUSDT,0,0.0,,0.0,0.0,0.0,0.0
1771355981357,2026-02-17 19:19:41.357000,ETHUSDT,1,8.796,2005.4999999999998,8.796,0.0,17640.377999999997,0.0
1771355982362,2026-02-17 19:19:42.362000,ETHUSDT,1,19.385,2005.2999999999997,0.0,19.385,0.0,38872.7405
1771355983367,2026-02-17 19:19:43.367000,ETHUSDT,0,0.0,,0.0,0.0,0.0,0.0
1771355984372,2026-02-17 19:19:44.372000,ETHUSDT,0,0.0,,0.0,0.0,0.0,0.0
1771355985377,2026-02-17 19:19:45.377000,ETHUSDT,0,0.0,,0.0,0.0,0.0,0.0
1771355986382,2026-02-17 19:19:46.382000,ETHUSDT,1,27.718,2006.3999999999999,27.718,0.0,55613.3952,0.0
1771355987388,2026-02-17 19:19:47.388000,ETHUSDT,0,0.0,,0.0,0.0,0.0,0.0
1771355988394,2026-02-17 19:19:48.394000,ETHUSDT,0,0.0,,0.0,0.0,0.0,0.0
1771355989400,2026-02-17 19:19:49.400000,ETHUSDT,0,0.0,,0.0,0.0,0.0,0.0
1771355990405,2026-02-17 19:19:50.405000,ETHUSDT,0,0.0,,0.0,0.0,0.0,0.0
1771355991409,2026-02-17 19:19:51.409000,ETHUSDT,2,1.4949999999999999,2006.7754515050167,1.4949999999999999,0.0,3000.1292999999996,0.0
1771355992412,2026-02-17 19:19:52.412000,ETHUSDT,0,0.0,,0.0,0.0,0.0,0.0
1771355993418,2026-02-17 19:19:53.418000,ETHUSDT,1,31.333,2006.6,31.333,0.0,62872.79779999999,0.0
1771355994423,2026-02-17 19:19:54.423000,ETHUSDT,0,0.0,,0.0,0.0,0.0,0.0
1771355995426,2026-02-17 19:19:55.426000,ETHUSDT,0,0.0,,0.0,0.0,0.0,0.0
1771355996428,2026-02-17 19:19:56.428000,ETHUSDT,0,0.0,,0.0,0.0,0.0,0.0
1771355997432,2026-02-17 19:19:57.432000,ETHUSDT,1,32.859,2006.0000000000002,0.0,32.859,0.0,65915.15400000001
1771355998436,2026-02-17 19:19:58.436000,ETHUSDT,0,0.0,,0.0,0.0,0.0,0.0
1771355999440,2026-02-17 19:19:59.440000,ETHUSDT,0,0.0,,0.0,0.0,0.0,0.0
1771356000442,2026-02-17 19:20:00.442000,ETHUSDT,1,0.002,2006.0000000000002,0.0,0.002,0.0,4.0120000000000005
1771356001448,2026-02-17 19:20:01.448000,ETHUSDT,1,10.419,2005.9999999999998,10.419,0.0,20900.514,0.0
1771356002455,2026-02-17 19:20:02.455000,ETHUSDT,1,0.225,2006.1,0.225,0.0,451.3725,0.0
1771356003458,2026-02-17 19:20:03.458000,ETHUSDT,0,0.0,,0.0,0.0,0.0,0.0
1771356004461,2026-02-17 19:20:04.461000,ETHUSDT,0,0.0,,0.0,0.0,0.0,0.0
1771356005464,2026-02-17 19:20:05.464000,ETHUSDT,0,0.0,,0.0,0.0,0.0,0.0
1771356006468,2026-02-17 19:20:06.468000,ETHUSDT,0,0.0,,0.0,0.0,0.0,0.0
1771356007473,2026-02-17 19:20:07.473000,ETHUSDT,0,0.0,,0.0,0.0,0.0,0.0
1771356008480,2026-02-17 19:20:08.480000,ETHUSDT,0,0.0,,0.0,0.0,0.0,0.0
1771356009485,2026-02-17 19:20:09.485000,ETHUSDT,0,0.0,,0.0,0.0,0.0,0.0
1771356010492,2026-02-17 19:20:10.492000,ETHUSDT,1,9.579,2006.0,0.0,9.579,0.0,19215.474000000002
1771356011498,2026-02-17 19:20:11.498000,ETHUSDT,0,0.0,,0.0,0.0,0.0,0.0
1771356012503,2026-02-17 19:20:12.503000,ETHUSDT,2,11.349,2006.0999823773016,11.347,0.002,22763.216699999997,4.0120000000000005
1771356013509,2026-02-17 19:20:13.509000,ETHUSDT,0,0.0,,0.0,0.0,0.0,0.0
1771356014515,2026-02-17 19:20:14.515000,ETHUSDT,1,10.987,2006.4,0.0,10.987,0.0,22044.3168
1771356015521,2026-02-17 19:20:15.521000,ETHUSDT,0,0.0,,0.0,0.0,0.0,0.0
1771356016527,2026-02-17 19:20:16.527000,ETHUSDT,2,15.267,2006.0007401585117,15.267,0.0,30625.613299999997,0.0
1771356017533,2026-02-17 19:20:17.533000,ETHUSDT,0,0.0,,0.0,0.0,0.0,0.0
1771356018539,2026-02-17 19:20:18.539000,ETHUSDT,0,0.0,,0.0,0.0,0.0,0.0
1771356019544,2026-02-17 19:20:19.544000,ETHUSDT,2,5.827999999999999,2006.00003431709,0.002,5.826,4.0122,11686.956
1771356020550,2026-02-17 19:20:20.550000,ETHUSDT,1,8.405,2006.8,0.0,8.405,0.0,16867.154
1771356021557,2026-02-17 19:20:21.557000,ETHUSDT,0,0.0,,0.0,0.0,0.0,0.0
1771356022560,2026-02-17 19:20:22.560000,ETHUSDT,1,5.481,2006.8000000000002,5.481,0.0,10999.2708,0.0
1771356023567,2026-02-17 19:20:23.567000,ETHUSDT,3,16.394000000000002,2007.500121995852,16.394000000000002,0.0,32910.957,0.0
1771356024574,2026-02-17 19:20:24.574000,ETHUSDT,1,0.01,2007.4,0.01,0.0,20.074,0.0
1771356025579,2026-02-17 19:20:25.579000,ETHUSDT,2,0.08,2007.4000000000005,0.01,0.07,20.074,140.51800000000003
1771356026584,2026-02-17 19:20:26.584000,ETHUSDT,0,0.0,,0.0,0.0,0.0,0.0
1771356027590,2026-02-17 19:20:27.590000,ETHUSDT,0,0.0,,0.0,0.0,0.0,0.0
1771356028593,2026-02-17 19:20:28.593000,ETHUSDT,0,0.0,,0.0,0.0,0.0,0.0
1771356029597,2026-02-17 19:20:29.597000,ETHUSDT,1,8.042,2007.0,0.0,8.042,0.0,16140.294
1771356030599,2026-02-17 19:20:30.599000,ETHUSDT,0,0.0,,0.0,0.0,0.0,0.0
1771356031601,2026-02-17 19:20:31.601000,ETHUSDT,1,0.002,2007.1,0.002,0.0,4.0142,0.0
1771356032608,2026-02-17 19:20:32.608000,ETHUSDT,0,0.0,,0.0,0.0,0.0,0.0
1771356033614,2026-02-17 19:20:33.614000,ETHUSDT,1,6.158,2007.4,0.0,6.158,0.0,12361.569200000002
1771356034620,2026-02-17 19:20:34.620000,ETHUSDT,0,0.0,,0.0,0.0,0.0,0.0
1771356035624,2026-02-17 19:20:35.624000,ETHUSDT,1,11.983,2007.2,11.983,0.0,24052.2776,0.0
1771356036630,2026-02-17 19:20:36.630000,ETHUSDT,0,0.0,,0.0,0.0,0.0,0.0
1771356037634,2026-02-17 19:20:37.634000,ETHUSDT,0,0.0,,0.0,0.0,0.0,0.0
1771356038639,2026-02-17 19:20:38.639000,ETHUSDT,0,0.0,,0.0,0.0,0.0,0.0
1771356039645,2026-02-17 19:20:39.645000,ETHUSDT,1,4.131,2007.2,0.0,4.131,0.0,8291.7432
1771356040651,2026-02-17 19:20:40.651000,ETHUSDT,1,11.193,2007.5,0.0,11.193,0.0,22469.9475
1771356041657,2026-02-17 19:20:41.657000,ETHUSDT,0,0.0,,0.0,0.0,0.0,0.0
1771356042662,2026-02-17 19:20:42.662000,ETHUSDT,1,0.008,2007.4999999999998,0.0,0.008,0.0,16.06
1771356043665,2026-02-17 19:20:43.665000,ETHUSDT,0,0.0,,0.0,0.0,0.0,0.0
1771356044667,2026-02-17 19:20:44.667000,ETHUSDT,1,3.289,2007.5,3.289,0.0,6602.6675000000005,0.0
1771356045672,2026-02-17 19:20:45.672000,ETHUSDT,1,6.704,2007.5,6.704,0.0,13458.279999999999,0.0
1771356046676,2026-02-17 19:20:46.676000,ETHUSDT,5,122.375,2008.0652494382023,122.375,0.0,245736.9849,0.0
1771356047683,2026-02-17 19:20:47.683000,ETHUSDT,0,0.0,,0.0,0.0,0.0,0.0
1771356048689,2026-02-17 19:20:48.689000,ETHUSDT,1,5.349,2008.0000000000002,0.0,5.349,0.0,10740.792000000001
1771356049694,2026-02-17 19:20:49.694000,ETHUSDT,2,1.306,2007.8350689127103,1.306,0.0,2622.2326,0.0
1771356050718,2026-02-17 19:20:50.718000,ETHUSDT,3,13.946,2009.2001218987525,13.946,0.0,28020.304900000003,0.0
1771356051723,2026-02-17 19:20:51.723000,ETHUSDT,0,0.0,,0.0,0.0,0.0,0.0
1771356052730,2026-02-17 19:20:52.730000,ETHUSDT,0,0.0,,0.0,0.0,0.0,0.0
