ts_unix_ms,ts_dt_utc,symbol,bid_px,bid_qty,ask_px,ask_qty,spread,mid
1770679378923,2026-02-09 23:22:58.923000,BTCUSDT,,,,,,
1770679378923,2026-02-09 23:22:58.923000,ETHUSDT,,,,,,
1770679379924,2026-02-09 23:22:59.924000,BTCUSDT,,,,,,
1770679379924,2026-02-09 23:22:59.924000,ETHUSDT,,,,,,
1770679380925,2026-02-09 23:23:00.925000,BTCUSDT,70288.6,0.074,70288.7,2.197,0.09999999999126885,70288.65
1770679380925,2026-02-09 23:23:00.925000,ETHUSDT,2107.3,28.497,2107.4,29.297,0.09999999999990905,2107.3500000000004
1770679381927,2026-02-09 23:23:01.927000,BTCUSDT,70288.6,0.004,70288.7,6.6,0.09999999999126885,70288.65
1770679381927,2026-02-09 23:23:01.927000,ETHUSDT,2107.3,9.551,2107.4,78.547,0.09999999999990905,2107.3500000000004
1770679382932,2026-02-09 23:23:02.932000,BTCUSDT,70284.0,0.008,70284.1,7.652,0.10000000000582077,70284.05
1770679382932,2026-02-09 23:23:02.932000,ETHUSDT,2106.9,41.003,2107.0,102.264,0.09999999999990905,2106.95
1770679383933,2026-02-09 23:23:03.933000,BTCUSDT,70274.1,0.001,70274.2,6.508,0.09999999999126885,70274.15
1770679383933,2026-02-09 23:23:03.933000,ETHUSDT,2106.7,88.152,2106.8,103.143,0.1000000000003638,2106.75
1770679384937,2026-02-09 23:23:04.937000,BTCUSDT,70274.1,0.001,70274.2,6.484,0.09999999999126885,70274.15
1770679384937,2026-02-09 23:23:04.937000,ETHUSDT,2106.7,128.034,2106.8,52.121,0.1000000000003638,2106.75
1770679385941,2026-02-09 23:23:05.941000,BTCUSDT,70274.1,1.25,70274.2,1.852,0.09999999999126885,70274.15
1770679385941,2026-02-09 23:23:05.941000,ETHUSDT,2107.0,61.798,2107.1,11.048,0.09999999999990905,2107.05
1770679386946,2026-02-09 23:23:06.946000,BTCUSDT,70274.1,2.636,70274.2,1.391,0.09999999999126885,70274.15
1770679386946,2026-02-09 23:23:06.946000,ETHUSDT,2107.0,66.579,2107.1,3.058,0.09999999999990905,2107.05
1770679387949,2026-02-09 23:23:07.949000,BTCUSDT,70274.1,1.957,70274.2,0.689,0.09999999999126885,70274.15
1770679387949,2026-02-09 23:23:07.949000,ETHUSDT,2107.0,51.658,2107.1,25.041,0.09999999999990905,2107.05
1770679388953,2026-02-09 23:23:08.953000,BTCUSDT,70274.1,1.981,70274.2,0.646,0.09999999999126885,70274.15
1770679388953,2026-02-09 23:23:08.953000,ETHUSDT,2107.1,131.2,2107.2,18.677,0.09999999999990905,2107.1499999999996
1770679389954,2026-02-09 23:23:09.954000,BTCUSDT,70283.7,0.629,70283.8,2.624,0.10000000000582077,70283.75
1770679389954,2026-02-09 23:23:09.954000,ETHUSDT,2107.7,138.896,2107.8,6.612,0.1000000000003638,2107.75
1770679390959,2026-02-09 23:23:10.959000,BTCUSDT,70283.7,0.631,70283.8,2.855,0.10000000000582077,70283.75
1770679390959,2026-02-09 23:23:10.959000,ETHUSDT,2107.7,138.896,2107.8,3.988,0.1000000000003638,2107.75
1770679391961,2026-02-09 23:23:11.961000,BTCUSDT,70283.7,0.633,70283.8,1.423,0.10000000000582077,70283.75
1770679391961,2026-02-09 23:23:11.961000,ETHUSDT,2107.9,119.713,2108.0,62.443,0.09999999999990905,2107.95
1770679392963,2026-02-09 23:23:12.963000,BTCUSDT,70295.0,0.701,70295.1,1.666,0.10000000000582077,70295.05
1770679392963,2026-02-09 23:23:12.963000,ETHUSDT,2108.1,56.97,2108.2,0.44,0.09999999999990905,2108.1499999999996
1770679393968,2026-02-09 23:23:13.968000,BTCUSDT,70295.0,0.014,70295.1,3.537,0.10000000000582077,70295.05
1770679393968,2026-02-09 23:23:13.968000,ETHUSDT,2108.1,56.97,2108.2,1.689,0.09999999999990905,2108.1499999999996
1770679394969,2026-02-09 23:23:14.969000,BTCUSDT,70295.0,0.014,70295.1,3.506,0.10000000000582077,70295.05
1770679394969,2026-02-09 23:23:14.969000,ETHUSDT,2108.3,24.333,2108.4,111.18,0.09999999999990905,2108.3500000000004
1770679395975,2026-02-09 23:23:15.975000,BTCUSDT,70291.6,0.001,70291.7,9.578,0.09999999999126885,70291.65
1770679395975,2026-02-09 23:23:15.975000,ETHUSDT,2107.7,37.607,2107.8,22.892,0.1000000000003638,2107.75
1770679396979,2026-02-09 23:23:16.979000,BTCUSDT,70283.7,0.12,70283.8,4.235,0.10000000000582077,70283.75
1770679396979,2026-02-09 23:23:16.979000,ETHUSDT,2107.6,79.132,2107.7,20.757,0.09999999999990905,2107.6499999999996
1770679397983,2026-02-09 23:23:17.983000,BTCUSDT,70289.6,1.891,70289.7,0.239,0.09999999999126885,70289.65
1770679397983,2026-02-09 23:23:17.983000,ETHUSDT,2108.0,48.21,2108.1,6.566,0.09999999999990905,2108.05
1770679398985,2026-02-09 23:23:18.985000,BTCUSDT,70289.6,1.957,70289.7,0.138,0.09999999999126885,70289.65
1770679398985,2026-02-09 23:23:18.985000,ETHUSDT,2108.2,72.879,2108.3,6.567,0.1000000000003638,2108.25
1770679399990,2026-02-09 23:23:19.990000,BTCUSDT,70302.3,0.052,70302.4,2.922,0.09999999999126885,70302.35
1770679399990,2026-02-09 23:23:19.990000,ETHUSDT,2108.4,102.742,2108.5,3.947,0.09999999999990905,2108.45
1770679400994,2026-02-09 23:23:20.994000,BTCUSDT,70302.3,0.052,70302.4,2.97,0.09999999999126885,70302.35
1770679400994,2026-02-09 23:23:20.994000,ETHUSDT,2108.4,99.511,2108.5,14.87,0.09999999999990905,2108.45
1770679401999,2026-02-09 23:23:21.999000,BTCUSDT,70308.5,9.988,70308.6,0.151,0.10000000000582077,70308.55
1770679401999,2026-02-09 23:23:21.999000,ETHUSDT,2108.4,164.069,2108.6,0.1,0.1999999999998181,2108.5
1770679403004,2026-02-09 23:23:23.004000,BTCUSDT,70308.5,0.001,70308.6,4.746,0.10000000000582077,70308.55
1770679403004,2026-02-09 23:23:23.004000,ETHUSDT,2108.5,39.944,2108.6,25.826,0.09999999999990905,2108.55
1770679404009,2026-02-09 23:23:24.009000,BTCUSDT,70308.5,0.031,70308.6,6.008,0.10000000000582077,70308.55
1770679404009,2026-02-09 23:23:24.009000,ETHUSDT,2108.5,132.046,2108.6,0.423,0.09999999999990905,2108.55
1770679405013,2026-02-09 23:23:25.013000,BTCUSDT,70308.5,0.031,70308.6,5.996,0.10000000000582077,70308.55
1770679405013,2026-02-09 23:23:25.013000,ETHUSDT,2108.7,101.945,2108.8,6.618,0.1000000000003638,2108.75
1770679406017,2026-02-09 23:23:26.017000,BTCUSDT,70308.5,0.031,70308.6,6.006,0.10000000000582077,70308.55
1770679406017,2026-02-09 23:23:26.017000,ETHUSDT,2108.7,101.945,2108.8,3.994,0.1000000000003638,2108.75
1770679407023,2026-02-09 23:23:27.023000,BTCUSDT,70296.1,1.929,70296.2,1.54,0.09999999999126885,70296.15
1770679407023,2026-02-09 23:23:27.023000,ETHUSDT,2108.5,33.924,2108.6,27.258,0.09999999999990905,2108.55
1770679408028,2026-02-09 23:23:28.028000,BTCUSDT,70296.1,1.877,70296.2,1.54,0.09999999999126885,70296.15
1770679408028,2026-02-09 23:23:28.028000,ETHUSDT,2108.5,34.877,2108.6,27.833,0.09999999999990905,2108.55
1770679409049,2026-02-09 23:23:29.049000,BTCUSDT,70301.2,1.656,70301.3,2.171,0.10000000000582077,70301.25
1770679409049,2026-02-09 23:23:29.049000,ETHUSDT,2108.8,30.36,2108.9,53.989,0.09999999999990905,2108.8500000000004
1770679410068,2026-02-09 23:23:30.068000,BTCUSDT,70301.2,0.522,70301.3,5.236,0.10000000000582077,70301.25
1770679410068,2026-02-09 23:23:30.068000,ETHUSDT,2108.5,65.563,2108.6,27.935,0.09999999999990905,2108.55
1770679411071,2026-02-09 23:23:31.071000,BTCUSDT,70289.0,0.48,70289.1,1.221,0.10000000000582077,70289.05
1770679411071,2026-02-09 23:23:31.071000,ETHUSDT,2108.5,28.489,2108.6,110.773,0.09999999999990905,2108.55
1770679412072,2026-02-09 23:23:32.072000,BTCUSDT,70289.0,5.417,70289.1,0.783,0.10000000000582077,70289.05
1770679412072,2026-02-09 23:23:32.072000,ETHUSDT,2108.5,29.51,2108.6,109.779,0.09999999999990905,2108.55
1770679413073,2026-02-09 23:23:33.073000,BTCUSDT,70289.0,5.417,70289.1,0.783,0.10000000000582077,70289.05
1770679413073,2026-02-09 23:23:33.073000,ETHUSDT,2108.5,14.092,2108.6,109.779,0.09999999999990905,2108.55
1770679414078,2026-02-09 23:23:34.078000,BTCUSDT,70289.0,5.417,70289.1,0.783,0.10000000000582077,70289.05
1770679414078,2026-02-09 23:23:34.078000,ETHUSDT,2108.5,38.459,2108.6,74.211,0.09999999999990905,2108.55
1770679415084,2026-02-09 23:23:35.084000,BTCUSDT,70289.0,4.848,70289.1,0.643,0.10000000000582077,70289.05
1770679415084,2026-02-09 23:23:35.084000,ETHUSDT,2108.5,5.426,2108.6,51.003,0.09999999999990905,2108.55
1770679416090,2026-02-09 23:23:36.090000,BTCUSDT,70289.0,5.812,70289.1,0.643,0.10000000000582077,70289.05
1770679416090,2026-02-09 23:23:36.090000,ETHUSDT,2108.3,24.716,2108.4,18.499,0.09999999999990905,2108.3500000000004
1770679417092,2026-02-09 23:23:37.092000,BTCUSDT,70289.0,5.823,70289.1,0.643,0.10000000000582077,70289.05
1770679417092,2026-02-09 23:23:37.092000,ETHUSDT,2108.3,24.946,2108.4,27.1,0.09999999999990905,2108.3500000000004
1770679418095,2026-02-09 23:23:38.095000,BTCUSDT,70295.3,0.972,70295.4,1.173,0.09999999999126885,70295.35
1770679418095,2026-02-09 23:23:38.095000,ETHUSDT,2108.3,108.508,2108.4,4.701,0.09999999999990905,2108.3500000000004
1770679419099,2026-02-09 23:23:39.099000,BTCUSDT,70295.3,1.895,70295.4,0.78,0.09999999999126885,70295.35
1770679419099,2026-02-09 23:23:39.099000,ETHUSDT,2108.5,170.459,2108.6,35.1,0.09999999999990905,2108.55
1770679420104,2026-02-09 23:23:40.104000,BTCUSDT,70295.3,4.782,70295.4,0.137,0.09999999999126885,70295.35
1770679420104,2026-02-09 23:23:40.104000,ETHUSDT,2108.8,102.051,2108.9,34.927,0.09999999999990905,2108.8500000000004
1770679421109,2026-02-09 23:23:41.109000,BTCUSDT,70295.3,4.798,70295.4,0.78,0.09999999999126885,70295.35
1770679421109,2026-02-09 23:23:41.109000,ETHUSDT,2108.8,13.527,2108.9,51.623,0.09999999999990905,2108.8500000000004
1770679422115,2026-02-09 23:23:42.115000,BTCUSDT,70295.3,4.767,70295.4,0.78,0.09999999999126885,70295.35
1770679422115,2026-02-09 23:23:42.115000,ETHUSDT,2108.8,38.964,2108.9,27.339,0.09999999999990905,2108.8500000000004
1770679423120,2026-02-09 23:23:43.120000,BTCUSDT,70304.8,3.658,70304.9,0.135,0.09999999999126885,70304.85
1770679423120,2026-02-09 23:23:43.120000,ETHUSDT,2109.2,33.146,2109.3,95.266,0.1000000000003638,2109.25
1770679424124,2026-02-09 23:23:44.124000,BTCUSDT,70304.8,5.442,70304.9,0.135,0.09999999999126885,70304.85
1770679424124,2026-02-09 23:23:44.124000,ETHUSDT,2109.2,33.146,2109.3,71.562,0.1000000000003638,2109.25
1770679425129,2026-02-09 23:23:45.129000,BTCUSDT,70304.8,5.44,70304.9,0.135,0.09999999999126885,70304.85
1770679425129,2026-02-09 23:23:45.129000,ETHUSDT,2109.2,46.734,2109.3,71.563,0.1000000000003638,2109.25
1770679426133,2026-02-09 23:23:46.133000,BTCUSDT,70308.5,3.997,70308.6,0.655,0.10000000000582077,70308.55
1770679426133,2026-02-09 23:23:46.133000,ETHUSDT,2109.2,55.02,2109.3,1.264,0.1000000000003638,2109.25
1770679427135,2026-02-09 23:23:47.135000,BTCUSDT,70308.5,3.997,70308.6,0.655,0.10000000000582077,70308.55
1770679427135,2026-02-09 23:23:47.135000,ETHUSDT,2109.2,55.016,2109.3,20.41,0.1000000000003638,2109.25
1770679428140,2026-02-09 23:23:48.140000,BTCUSDT,70308.5,3.109,70308.6,0.816,0.10000000000582077,70308.55
1770679428140,2026-02-09 23:23:48.140000,ETHUSDT,2109.2,8.079,2109.3,26.79,0.1000000000003638,2109.25
1770679429147,2026-02-09 23:23:49.147000,BTCUSDT,70308.5,4.002,70308.6,1.184,0.10000000000582077,70308.55
1770679429147,2026-02-09 23:23:49.147000,ETHUSDT,2109.2,8.49,2109.3,26.28,0.1000000000003638,2109.25
1770679430152,2026-02-09 23:23:50.152000,BTCUSDT,70308.5,4.002,70308.6,1.184,0.10000000000582077,70308.55
1770679430152,2026-02-09 23:23:50.152000,ETHUSDT,2109.2,32.323,2109.3,26.284,0.1000000000003638,2109.25
1770679431154,2026-02-09 23:23:51.154000,BTCUSDT,70318.0,4.489,70318.1,0.134,0.10000000000582077,70318.05
1770679431154,2026-02-09 23:23:51.154000,ETHUSDT,2109.4,76.014,2109.5,6.032,0.09999999999990905,2109.45
1770679432158,2026-02-09 23:23:52.158000,BTCUSDT,70318.0,4.489,70318.1,1.17,0.10000000000582077,70318.05
1770679432158,2026-02-09 23:23:52.158000,ETHUSDT,2109.4,30.947,2109.5,31.178,0.09999999999990905,2109.45
1770679433163,2026-02-09 23:23:53.163000,BTCUSDT,70318.0,4.489,70318.1,1.169,0.10000000000582077,70318.05
1770679433163,2026-02-09 23:23:53.163000,ETHUSDT,2109.4,45.337,2109.5,30.103,0.09999999999990905,2109.45
1770679434169,2026-02-09 23:23:54.169000,BTCUSDT,70335.8,0.639,70335.9,0.294,0.09999999999126885,70335.85
1770679434169,2026-02-09 23:23:54.169000,ETHUSDT,2109.8,0.592,2110.0,82.938,0.1999999999998181,2109.9
1770679435171,2026-02-09 23:23:55.171000,BTCUSDT,70335.8,0.584,70335.9,2.124,0.09999999999126885,70335.85
1770679435171,2026-02-09 23:23:55.171000,ETHUSDT,2109.9,25.741,2110.0,109.511,0.09999999999990905,2109.95
1770679436176,2026-02-09 23:23:56.176000,BTCUSDT,70333.4,0.029,70333.5,4.128,0.10000000000582077,70333.45
1770679436176,2026-02-09 23:23:56.176000,ETHUSDT,2109.3,131.9,2109.4,1.678,0.09999999999990905,2109.3500000000004
1770679437180,2026-02-09 23:23:57.180000,BTCUSDT,70333.4,0.001,70333.5,4.139,0.10000000000582077,70333.45
1770679437180,2026-02-09 23:23:57.180000,ETHUSDT,2109.4,97.062,2109.5,55.307,0.09999999999990905,2109.45
1770679438182,2026-02-09 23:23:58.182000,BTCUSDT,70333.4,0.001,70333.5,5.768,0.10000000000582077,70333.45
1770679438182,2026-02-09 23:23:58.182000,ETHUSDT,2109.4,5.428,2109.5,66.357,0.09999999999990905,2109.45
1770679439190,2026-02-09 23:23:59.190000,BTCUSDT,70327.3,0.281,70327.4,7.776,0.09999999999126885,70327.35
1770679439190,2026-02-09 23:23:59.190000,ETHUSDT,2109.1,10.633,2109.2,27.644,0.09999999999990905,2109.1499999999996
1770679440196,2026-02-09 23:24:00.196000,BTCUSDT,70340.4,0.24,70340.6,0.139,0.20000000001164153,70340.5
1770679440196,2026-02-09 23:24:00.196000,ETHUSDT,2110.1,43.117,2110.2,0.1,0.09999999999990905,2110.1499999999996
1770679441200,2026-02-09 23:24:01.200000,BTCUSDT,70339.0,0.653,70339.1,2.454,0.10000000000582077,70339.05
1770679441200,2026-02-09 23:24:01.200000,ETHUSDT,2110.5,42.895,2110.6,8.18,0.09999999999990905,2110.55
1770679442206,2026-02-09 23:24:02.206000,BTCUSDT,70339.0,0.683,70339.1,3.902,0.10000000000582077,70339.05
1770679442206,2026-02-09 23:24:02.206000,ETHUSDT,2110.5,113.559,2110.6,1.677,0.09999999999990905,2110.55
1770679443212,2026-02-09 23:24:03.212000,BTCUSDT,70335.1,2.846,70335.2,5.543,0.09999999999126885,70335.15
1770679443212,2026-02-09 23:24:03.212000,ETHUSDT,2110.5,24.299,2110.6,22.884,0.09999999999990905,2110.55
1770679444217,2026-02-09 23:24:04.217000,BTCUSDT,70335.1,2.846,70335.2,5.552,0.09999999999126885,70335.15
1770679444217,2026-02-09 23:24:04.217000,ETHUSDT,2110.5,24.299,2110.6,22.384,0.09999999999990905,2110.55
1770679445222,2026-02-09 23:24:05.222000,BTCUSDT,70325.6,0.101,70325.7,5.335,0.09999999999126885,70325.65
1770679445222,2026-02-09 23:24:05.222000,ETHUSDT,2109.6,26.685,2109.7,8.597,0.09999999999990905,2109.6499999999996
1770679446227,2026-02-09 23:24:06.227000,BTCUSDT,70325.6,0.112,70325.7,5.067,0.09999999999126885,70325.65
1770679446227,2026-02-09 23:24:06.227000,ETHUSDT,2109.6,0.395,2109.7,25.373,0.09999999999990905,2109.6499999999996
1770679447231,2026-02-09 23:24:07.231000,BTCUSDT,70325.6,0.103,70325.7,5.337,0.09999999999126885,70325.65
1770679447231,2026-02-09 23:24:07.231000,ETHUSDT,2109.5,32.316,2109.6,8.266,0.09999999999990905,2109.55
1770679448233,2026-02-09 23:24:08.233000,BTCUSDT,70325.6,4.489,70325.7,0.141,0.09999999999126885,70325.65
1770679448233,2026-02-09 23:24:08.233000,ETHUSDT,2109.8,78.987,2109.9,3.176,0.09999999999990905,2109.8500000000004
1770679449237,2026-02-09 23:24:09.237000,BTCUSDT,70325.6,3.418,70325.7,1.203,0.09999999999126885,70325.65
1770679449237,2026-02-09 23:24:09.237000,ETHUSDT,2109.4,28.476,2109.5,37.934,0.09999999999990905,2109.45
1770679450243,2026-02-09 23:24:10.243000,BTCUSDT,70325.6,0.691,70325.7,1.265,0.09999999999126885,70325.65
1770679450243,2026-02-09 23:24:10.243000,ETHUSDT,2109.2,8.826,2109.3,132.212,0.1000000000003638,2109.25
1770679451245,2026-02-09 23:24:11.245000,BTCUSDT,70323.5,0.003,70323.6,2.441,0.10000000000582077,70323.55
1770679451245,2026-02-09 23:24:11.245000,ETHUSDT,2109.0,23.743,2109.1,27.62,0.09999999999990905,2109.05
1770679452249,2026-02-09 23:24:12.249000,BTCUSDT,70304.8,0.878,70304.9,1.519,0.09999999999126885,70304.85
1770679452249,2026-02-09 23:24:12.249000,ETHUSDT,2108.5,56.835,2108.6,17.219,0.09999999999990905,2108.55
1770679453255,2026-02-09 23:24:13.255000,BTCUSDT,70304.8,4.444,70304.9,0.142,0.09999999999126885,70304.85
1770679453255,2026-02-09 23:24:13.255000,ETHUSDT,2108.8,133.286,2108.9,1.677,0.09999999999990905,2108.8500000000004
1770679454260,2026-02-09 23:24:14.260000,BTCUSDT,70304.8,4.47,70304.9,0.143,0.09999999999126885,70304.85
1770679454260,2026-02-09 23:24:14.260000,ETHUSDT,2108.8,138.059,2108.9,4.301,0.09999999999990905,2108.8500000000004
1770679455265,2026-02-09 23:24:15.265000,BTCUSDT,70304.8,4.47,70304.9,0.142,0.09999999999126885,70304.85
1770679455265,2026-02-09 23:24:15.265000,ETHUSDT,2108.8,75.362,2108.9,6.415,0.09999999999990905,2108.8500000000004
1770679456270,2026-02-09 23:24:16.270000,BTCUSDT,70304.8,3.579,70304.9,0.785,0.09999999999126885,70304.85
1770679456270,2026-02-09 23:24:16.270000,ETHUSDT,2108.8,26.938,2108.9,20.739,0.09999999999990905,2108.8500000000004
1770679457273,2026-02-09 23:24:17.273000,BTCUSDT,70304.8,4.222,70304.9,0.785,0.09999999999126885,70304.85
1770679457273,2026-02-09 23:24:17.273000,ETHUSDT,2108.8,15.82,2108.9,24.068,0.09999999999990905,2108.8500000000004
1770679458278,2026-02-09 23:24:18.278000,BTCUSDT,70304.8,4.222,70304.9,0.785,0.09999999999126885,70304.85
1770679458278,2026-02-09 23:24:18.278000,ETHUSDT,2108.8,15.82,2108.9,24.068,0.09999999999990905,2108.8500000000004
1770679459284,2026-02-09 23:24:19.284000,BTCUSDT,70304.8,0.11,70304.9,1.939,0.09999999999126885,70304.85
1770679459284,2026-02-09 23:24:19.284000,ETHUSDT,2108.3,29.142,2108.4,24.852,0.09999999999990905,2108.3500000000004
1770679460288,2026-02-09 23:24:20.288000,BTCUSDT,70304.8,0.11,70304.9,1.937,0.09999999999126885,70304.85
1770679460288,2026-02-09 23:24:20.288000,ETHUSDT,2108.3,38.82,2108.4,22.934,0.09999999999990905,2108.3500000000004
1770679461290,2026-02-09 23:24:21.290000,BTCUSDT,70294.5,0.101,70294.6,1.89,0.10000000000582077,70294.55
1770679461290,2026-02-09 23:24:21.290000,ETHUSDT,2108.2,0.1,2108.3,90.091,0.1000000000003638,2108.25
1770679462295,2026-02-09 23:24:22.295000,BTCUSDT,70294.5,0.285,70294.6,1.95,0.10000000000582077,70294.55
1770679462295,2026-02-09 23:24:22.295000,ETHUSDT,2107.8,23.717,2107.9,124.447,0.09999999999990905,2107.8500000000004
1770679463297,2026-02-09 23:24:23.297000,BTCUSDT,70278.2,0.199,70278.3,2.32,0.10000000000582077,70278.25
1770679463297,2026-02-09 23:24:23.297000,ETHUSDT,2106.7,27.542,2106.8,14.901,0.1000000000003638,2106.75
1770679464300,2026-02-09 23:24:24.300000,BTCUSDT,70287.1,0.28,70287.2,3.357,0.09999999999126885,70287.15
1770679464300,2026-02-09 23:24:24.300000,ETHUSDT,2107.4,37.177,2107.5,22.525,0.09999999999990905,2107.45
1770679465305,2026-02-09 23:24:25.305000,BTCUSDT,70283.8,2.39,70283.9,2.43,0.09999999999126885,70283.85
1770679465305,2026-02-09 23:24:25.305000,ETHUSDT,2107.5,53.093,2107.6,11.366,0.09999999999990905,2107.55
1770679466311,2026-02-09 23:24:26.311000,BTCUSDT,70281.7,0.278,70281.8,5.577,0.10000000000582077,70281.75
1770679466311,2026-02-09 23:24:26.311000,ETHUSDT,2106.8,29.8,2106.9,21.206,0.09999999999990905,2106.8500000000004
1770679467316,2026-02-09 23:24:27.316000,BTCUSDT,70278.2,2.631,70278.3,2.066,0.10000000000582077,70278.25
1770679467316,2026-02-09 23:24:27.316000,ETHUSDT,2106.6,122.82,2106.7,9.783,0.09999999999990905,2106.6499999999996
1770679468318,2026-02-09 23:24:28.318000,BTCUSDT,70277.3,0.101,70277.4,4.678,0.09999999999126885,70277.35
1770679468318,2026-02-09 23:24:28.318000,ETHUSDT,2106.6,0.269,2106.7,119.059,0.09999999999990905,2106.6499999999996
1770679469341,2026-02-09 23:24:29.341000,BTCUSDT,70277.3,0.101,70277.4,4.687,0.09999999999126885,70277.35
1770679469341,2026-02-09 23:24:29.341000,ETHUSDT,2106.3,40.635,2106.4,13.103,0.09999999999990905,2106.3500000000004
1770679470342,2026-02-09 23:24:30.342000,BTCUSDT,70272.5,0.001,70274.2,5.414,1.6999999999970896,70273.35
1770679470342,2026-02-09 23:24:30.342000,ETHUSDT,2106.2,49.149,2106.3,15.028,0.1000000000003638,2106.25
1770679471348,2026-02-09 23:24:31.348000,BTCUSDT,70272.5,0.001,70272.6,7.062,0.10000000000582077,70272.55
1770679471348,2026-02-09 23:24:31.348000,ETHUSDT,2106.7,58.255,2106.8,50.02,0.1000000000003638,2106.75
1770679472353,2026-02-09 23:24:32.353000,BTCUSDT,70272.5,4.492,70272.6,0.001,0.10000000000582077,70272.55
1770679472353,2026-02-09 23:24:32.353000,ETHUSDT,2106.9,116.313,2107.0,47.686,0.09999999999990905,2106.95
1770679473356,2026-02-09 23:24:33.356000,BTCUSDT,70276.1,5.209,70276.2,0.003,0.09999999999126885,70276.15
1770679473356,2026-02-09 23:24:33.356000,ETHUSDT,2107.3,95.423,2107.4,7.396,0.09999999999990905,2107.3500000000004
1770679474358,2026-02-09 23:24:34.358000,BTCUSDT,70285.3,1.326,70285.4,1.087,0.09999999999126885,70285.35
1770679474358,2026-02-09 23:24:34.358000,ETHUSDT,2107.3,32.412,2107.4,20.06,0.09999999999990905,2107.3500000000004
1770679475364,2026-02-09 23:24:35.364000,BTCUSDT,70285.3,1.353,70285.4,1.087,0.09999999999126885,70285.35
1770679475364,2026-02-09 23:24:35.364000,ETHUSDT,2107.3,35.83,2107.4,24.845,0.09999999999990905,2107.3500000000004
1770679476366,2026-02-09 23:24:36.366000,BTCUSDT,70285.3,1.353,70285.4,1.089,0.09999999999126885,70285.35
1770679476366,2026-02-09 23:24:36.366000,ETHUSDT,2107.3,33.315,2107.4,50.285,0.09999999999990905,2107.3500000000004
1770679477370,2026-02-09 23:24:37.370000,BTCUSDT,70285.3,1.572,70285.4,1.087,0.09999999999126885,70285.35
1770679477370,2026-02-09 23:24:37.370000,ETHUSDT,2107.3,34.741,2107.4,26.475,0.09999999999990905,2107.3500000000004
1770679478373,2026-02-09 23:24:38.373000,BTCUSDT,70285.3,1.572,70285.4,1.085,0.09999999999126885,70285.35
1770679478373,2026-02-09 23:24:38.373000,ETHUSDT,2107.3,43.909,2107.4,26.475,0.09999999999990905,2107.3500000000004
1770679479397,2026-02-09 23:24:39.397000,BTCUSDT,70285.3,1.4,70285.4,1.217,0.09999999999126885,70285.35
1770679479397,2026-02-09 23:24:39.397000,ETHUSDT,2107.3,49.603,2107.4,26.475,0.09999999999990905,2107.3500000000004
1770679480402,2026-02-09 23:24:40.402000,BTCUSDT,70285.3,0.749,70285.4,1.201,0.09999999999126885,70285.35
1770679480402,2026-02-09 23:24:40.402000,ETHUSDT,2107.3,32.823,2107.4,12.002,0.09999999999990905,2107.3500000000004
1770679481404,2026-02-09 23:24:41.404000,BTCUSDT,70285.3,2.197,70285.4,1.201,0.09999999999126885,70285.35
1770679481404,2026-02-09 23:24:41.404000,ETHUSDT,2107.3,64.492,2107.4,12.186,0.09999999999990905,2107.3500000000004
1770679482408,2026-02-09 23:24:42.408000,BTCUSDT,70285.3,0.701,70285.4,1.201,0.09999999999126885,70285.35
1770679482408,2026-02-09 23:24:42.408000,ETHUSDT,2107.3,64.488,2107.4,12.174,0.09999999999990905,2107.3500000000004
1770679483414,2026-02-09 23:24:43.414000,BTCUSDT,70288.7,0.678,70288.8,1.188,0.10000000000582077,70288.75
1770679483414,2026-02-09 23:24:43.414000,ETHUSDT,2107.5,116.18,2107.6,1.125,0.09999999999990905,2107.55
1770679484420,2026-02-09 23:24:44.420000,BTCUSDT,70288.7,1.569,70288.8,1.188,0.10000000000582077,70288.75
1770679484420,2026-02-09 23:24:44.420000,ETHUSDT,2107.5,157.08,2107.6,0.281,0.09999999999990905,2107.55
1770679485424,2026-02-09 23:24:45.424000,BTCUSDT,70285.7,0.002,70285.8,2.096,0.10000000000582077,70285.75
1770679485424,2026-02-09 23:24:45.424000,ETHUSDT,2107.5,7.406,2107.6,67.46,0.09999999999990905,2107.55
1770679486426,2026-02-09 23:24:46.426000,BTCUSDT,70285.7,0.011,70285.8,2.485,0.10000000000582077,70285.75
1770679486426,2026-02-09 23:24:46.426000,ETHUSDT,2107.5,5.61,2107.6,72.246,0.09999999999990905,2107.55
1770679487427,2026-02-09 23:24:47.427000,BTCUSDT,70283.6,2.389,70283.7,1.91,0.09999999999126885,70283.65
1770679487427,2026-02-09 23:24:47.427000,ETHUSDT,2107.5,172.103,2107.6,3.488,0.09999999999990905,2107.55
1770679488432,2026-02-09 23:24:48.432000,BTCUSDT,70283.6,1.774,70283.7,1.91,0.09999999999126885,70283.65
1770679488432,2026-02-09 23:24:48.432000,ETHUSDT,2107.5,30.34,2107.6,20.267,0.09999999999990905,2107.55
1770679489438,2026-02-09 23:24:49.438000,BTCUSDT,70283.6,1.534,70283.7,2.244,0.09999999999126885,70283.65
1770679489438,2026-02-09 23:24:49.438000,ETHUSDT,2107.3,30.399,2107.4,12.706,0.09999999999990905,2107.3500000000004
1770679490441,2026-02-09 23:24:50.441000,BTCUSDT,70283.6,2.633,70283.7,1.267,0.09999999999126885,70283.65
1770679490441,2026-02-09 23:24:50.441000,ETHUSDT,2107.3,203.931,2107.4,0.004,0.09999999999990905,2107.3500000000004
1770679491445,2026-02-09 23:24:51.445000,BTCUSDT,70283.6,2.566,70283.7,1.91,0.09999999999126885,70283.65
1770679491445,2026-02-09 23:24:51.445000,ETHUSDT,2107.7,142.233,2107.8,6.072,0.1000000000003638,2107.75
1770679492449,2026-02-09 23:24:52.449000,BTCUSDT,70283.6,2.566,70283.7,1.91,0.09999999999126885,70283.65
1770679492449,2026-02-09 23:24:52.449000,ETHUSDT,2107.7,142.233,2107.8,3.448,0.1000000000003638,2107.75
1770679493451,2026-02-09 23:24:53.451000,BTCUSDT,70283.6,2.633,70283.7,1.928,0.09999999999126885,70283.65
1770679493451,2026-02-09 23:24:53.451000,ETHUSDT,2107.7,177.816,2107.8,6.072,0.1000000000003638,2107.75
1770679494456,2026-02-09 23:24:54.456000,BTCUSDT,70297.5,2.933,70297.6,1.301,0.10000000000582077,70297.55
1770679494456,2026-02-09 23:24:54.456000,ETHUSDT,2108.9,34.117,2109.0,4.361,0.09999999999990905,2108.95
1770679495462,2026-02-09 23:24:55.462000,BTCUSDT,70293.8,0.002,70293.9,2.437,0.09999999999126885,70293.85
1770679495462,2026-02-09 23:24:55.462000,ETHUSDT,2108.9,1.581,2109.0,47.155,0.09999999999990905,2108.95
1770679496466,2026-02-09 23:24:56.466000,BTCUSDT,70292.0,0.011,70292.1,4.214,0.10000000000582077,70292.05
1770679496466,2026-02-09 23:24:56.466000,ETHUSDT,2108.9,0.865,2109.0,52.141,0.09999999999990905,2108.95
1770679497472,2026-02-09 23:24:57.472000,BTCUSDT,70292.0,0.011,70292.1,2.362,0.10000000000582077,70292.05
1770679497472,2026-02-09 23:24:57.472000,ETHUSDT,2108.9,0.848,2109.0,52.137,0.09999999999990905,2108.95
1770679498473,2026-02-09 23:24:58.473000,BTCUSDT,70292.0,0.087,70292.1,2.362,0.10000000000582077,70292.05
1770679498473,2026-02-09 23:24:58.473000,ETHUSDT,2108.9,4.023,2109.0,52.137,0.09999999999990905,2108.95
1770679499474,2026-02-09 23:24:59.474000,BTCUSDT,70292.0,1.017,70292.1,1.226,0.10000000000582077,70292.05
1770679499474,2026-02-09 23:24:59.474000,ETHUSDT,2108.9,4.829,2109.0,27.93,0.09999999999990905,2108.95
1770679500478,2026-02-09 23:25:00.478000,BTCUSDT,70292.0,1.015,70292.1,1.869,0.10000000000582077,70292.05
1770679500478,2026-02-09 23:25:00.478000,ETHUSDT,2108.9,0.848,2109.0,27.934,0.09999999999990905,2108.95
1770679501484,2026-02-09 23:25:01.484000,BTCUSDT,70292.0,1.002,70292.1,1.869,0.10000000000582077,70292.05
1770679501484,2026-02-09 23:25:01.484000,ETHUSDT,2108.9,0.848,2109.0,51.26,0.09999999999990905,2108.95
1770679502488,2026-02-09 23:25:02.488000,BTCUSDT,70292.0,0.12,70292.1,1.869,0.10000000000582077,70292.05
1770679502488,2026-02-09 23:25:02.488000,ETHUSDT,2108.9,0.844,2109.0,51.942,0.09999999999990905,2108.95
1770679503494,2026-02-09 23:25:03.494000,BTCUSDT,70285.0,0.003,70285.1,2.58,0.10000000000582077,70285.05
1770679503494,2026-02-09 23:25:03.494000,ETHUSDT,2108.3,5.531,2108.4,104.843,0.09999999999990905,2108.3500000000004
1770679504498,2026-02-09 23:25:04.498000,BTCUSDT,70284.2,0.217,70284.3,1.937,0.10000000000582077,70284.25
1770679504498,2026-02-09 23:25:04.498000,ETHUSDT,2108.3,81.026,2108.4,5.699,0.09999999999990905,2108.3500000000004
1770679505504,2026-02-09 23:25:05.504000,BTCUSDT,70284.2,2.798,70284.3,0.662,0.10000000000582077,70284.25
1770679505504,2026-02-09 23:25:05.504000,ETHUSDT,2108.7,72.331,2108.8,0.186,0.1000000000003638,2108.75
1770679506509,2026-02-09 23:25:06.509000,BTCUSDT,70291.2,1.552,70291.3,1.782,0.10000000000582077,70291.25
1770679506509,2026-02-09 23:25:06.509000,ETHUSDT,2109.4,85.529,2109.5,48.732,0.09999999999990905,2109.45
1770679507512,2026-02-09 23:25:07.512000,BTCUSDT,70299.9,0.086,70300.0,2.561,0.10000000000582077,70299.95
1770679507512,2026-02-09 23:25:07.512000,ETHUSDT,2109.7,37.797,2109.8,103.847,0.1000000000003638,2109.75
1770679508516,2026-02-09 23:25:08.516000,BTCUSDT,70295.3,1.423,70295.4,3.902,0.09999999999126885,70295.35
1770679508516,2026-02-09 23:25:08.516000,ETHUSDT,2109.2,84.292,2109.3,6.141,0.1000000000003638,2109.25
1770679509522,2026-02-09 23:25:09.522000,BTCUSDT,70283.6,2.145,70283.7,1.337,0.09999999999126885,70283.65
1770679509522,2026-02-09 23:25:09.522000,ETHUSDT,2109.1,4.775,2109.2,27.474,0.09999999999990905,2109.1499999999996
1770679510528,2026-02-09 23:25:10.528000,BTCUSDT,70284.8,0.629,70284.9,1.38,0.09999999999126885,70284.85
1770679510528,2026-02-09 23:25:10.528000,ETHUSDT,2109.0,5.492,2109.1,105.955,0.09999999999990905,2109.05
1770679511533,2026-02-09 23:25:11.533000,BTCUSDT,70284.8,0.557,70284.9,1.382,0.09999999999126885,70284.85
1770679511533,2026-02-09 23:25:11.533000,ETHUSDT,2108.9,29.237,2109.0,105.87,0.09999999999990905,2108.95
1770679512536,2026-02-09 23:25:12.536000,BTCUSDT,70283.7,0.721,70283.8,1.867,0.10000000000582077,70283.75
1770679512536,2026-02-09 23:25:12.536000,ETHUSDT,2108.9,29.233,2109.0,106.974,0.09999999999990905,2108.95
1770679513541,2026-02-09 23:25:13.541000,BTCUSDT,70280.3,0.291,70280.4,1.174,0.09999999999126885,70280.35
1770679513541,2026-02-09 23:25:13.541000,ETHUSDT,2108.5,23.713,2108.6,0.77,0.09999999999990905,2108.55
1770679514543,2026-02-09 23:25:14.543000,BTCUSDT,70280.3,3.252,70280.4,1.207,0.09999999999126885,70280.35
1770679514543,2026-02-09 23:25:14.543000,ETHUSDT,2108.8,77.978,2108.9,7.787,0.09999999999990905,2108.8500000000004
1770679515546,2026-02-09 23:25:15.546000,BTCUSDT,70280.3,3.254,70280.4,1.207,0.09999999999126885,70280.35
1770679515546,2026-02-09 23:25:15.546000,ETHUSDT,2108.8,90.747,2108.9,6.295,0.09999999999990905,2108.8500000000004
1770679516552,2026-02-09 23:25:16.552000,BTCUSDT,70292.7,1.925,70292.8,1.809,0.10000000000582077,70292.75
1770679516552,2026-02-09 23:25:16.552000,ETHUSDT,2109.1,89.571,2109.2,19.151,0.09999999999990905,2109.1499999999996
1770679517553,2026-02-09 23:25:17.553000,BTCUSDT,70295.7,1.863,70295.8,0.488,0.10000000000582077,70295.75
1770679517553,2026-02-09 23:25:17.553000,ETHUSDT,2109.3,99.471,2109.4,34.113,0.09999999999990905,2109.3500000000004
1770679518559,2026-02-09 23:25:18.559000,BTCUSDT,70295.7,1.339,70295.8,3.596,0.10000000000582077,70295.75
1770679518559,2026-02-09 23:25:18.559000,ETHUSDT,2109.3,51.466,2109.4,48.635,0.09999999999990905,2109.3500000000004
1770679519561,2026-02-09 23:25:19.561000,BTCUSDT,70295.7,1.339,70295.8,3.596,0.10000000000582077,70295.75
1770679519561,2026-02-09 23:25:19.561000,ETHUSDT,2109.3,51.466,2109.4,48.635,0.09999999999990905,2109.3500000000004
1770679520563,2026-02-09 23:25:20.563000,BTCUSDT,70298.5,1.565,70298.6,1.92,0.10000000000582077,70298.55
1770679520563,2026-02-09 23:25:20.563000,ETHUSDT,2109.4,74.171,2109.5,24.148,0.09999999999990905,2109.45
1770679521568,2026-02-09 23:25:21.568000,BTCUSDT,70298.5,1.915,70298.6,0.36,0.10000000000582077,70298.55
1770679521568,2026-02-09 23:25:21.568000,ETHUSDT,2109.4,75.886,2109.5,22.818,0.09999999999990905,2109.45
1770679522573,2026-02-09 23:25:22.573000,BTCUSDT,70294.6,8.929,70294.7,0.002,0.09999999999126885,70294.65
1770679522573,2026-02-09 23:25:22.573000,ETHUSDT,2109.6,59.015,2109.7,23.885,0.09999999999990905,2109.6499999999996
1770679523576,2026-02-09 23:25:23.576000,BTCUSDT,70294.6,7.489,70294.7,0.002,0.09999999999126885,70294.65
1770679523576,2026-02-09 23:25:23.576000,ETHUSDT,2109.4,28.351,2109.5,113.325,0.09999999999990905,2109.45
1770679524578,2026-02-09 23:25:24.578000,BTCUSDT,70294.6,8.915,70294.7,0.002,0.09999999999126885,70294.65
1770679524578,2026-02-09 23:25:24.578000,ETHUSDT,2109.4,28.351,2109.5,159.234,0.09999999999990905,2109.45
1770679525583,2026-02-09 23:25:25.583000,BTCUSDT,70294.6,1.157,70294.7,1.319,0.09999999999126885,70294.65
1770679525583,2026-02-09 23:25:25.583000,ETHUSDT,2108.2,27.976,2108.3,7.261,0.1000000000003638,2108.25
1770679526587,2026-02-09 23:25:26.587000,BTCUSDT,70289.8,2.484,70289.9,2.252,0.09999999999126885,70289.85
1770679526587,2026-02-09 23:25:26.587000,ETHUSDT,2107.9,31.984,2108.0,49.256,0.09999999999990905,2107.95
1770679527590,2026-02-09 23:25:27.590000,BTCUSDT,70279.5,0.103,70279.6,2.151,0.10000000000582077,70279.55
1770679527590,2026-02-09 23:25:27.590000,ETHUSDT,2107.7,5.115,2107.8,21.372,0.1000000000003638,2107.75
1770679528594,2026-02-09 23:25:28.594000,BTCUSDT,70272.5,0.001,70272.6,7.66,0.10000000000582077,70272.55
1770679528594,2026-02-09 23:25:28.594000,ETHUSDT,2107.6,0.1,2107.7,303.04,0.09999999999990905,2107.6499999999996
1770679529597,2026-02-09 23:25:29.597000,BTCUSDT,70250.0,1.427,70250.1,7.312,0.10000000000582077,70250.05
1770679529597,2026-02-09 23:25:29.597000,ETHUSDT,2106.0,88.25,2106.1,19.792,0.09999999999990905,2106.05
1770679530598,2026-02-09 23:25:30.598000,BTCUSDT,70250.0,0.647,70250.1,7.321,0.10000000000582077,70250.05
1770679530598,2026-02-09 23:25:30.598000,ETHUSDT,2106.0,137.889,2106.1,1.594,0.09999999999990905,2106.05
1770679531601,2026-02-09 23:25:31.601000,BTCUSDT,70250.0,1.18,70250.1,0.213,0.10000000000582077,70250.05
1770679531601,2026-02-09 23:25:31.601000,ETHUSDT,2106.0,149.883,2106.1,0.004,0.09999999999990905,2106.05
1770679532605,2026-02-09 23:25:32.605000,BTCUSDT,70250.0,1.55,70250.1,1.949,0.10000000000582077,70250.05
1770679532605,2026-02-09 23:25:32.605000,ETHUSDT,2106.3,45.083,2106.4,28.221,0.09999999999990905,2106.3500000000004
1770679533606,2026-02-09 23:25:33.606000,BTCUSDT,70250.0,0.703,70250.1,1.564,0.10000000000582077,70250.05
1770679533606,2026-02-09 23:25:33.606000,ETHUSDT,2106.4,111.188,2106.5,6.361,0.09999999999990905,2106.45
1770679534609,2026-02-09 23:25:34.609000,BTCUSDT,70241.5,0.001,70241.6,3.971,0.10000000000582077,70241.55
1770679534609,2026-02-09 23:25:34.609000,ETHUSDT,2106.0,0.196,2106.1,329.314,0.09999999999990905,2106.05
1770679535611,2026-02-09 23:25:35.611000,BTCUSDT,70241.5,0.001,70241.6,4.173,0.10000000000582077,70241.55
1770679535611,2026-02-09 23:25:35.611000,ETHUSDT,2105.5,0.911,2105.6,140.886,0.09999999999990905,2105.55
1770679536617,2026-02-09 23:25:36.617000,BTCUSDT,70236.3,0.652,70236.4,5.424,0.09999999999126885,70236.35
1770679536617,2026-02-09 23:25:36.617000,ETHUSDT,2105.5,26.876,2105.6,104.571,0.09999999999990905,2105.55
1770679537621,2026-02-09 23:25:37.621000,BTCUSDT,70236.3,0.65,70236.4,5.356,0.09999999999126885,70236.35
1770679537621,2026-02-09 23:25:37.621000,ETHUSDT,2105.7,61.165,2105.8,91.02,0.1000000000003638,2105.75
1770679538626,2026-02-09 23:25:38.626000,BTCUSDT,70236.3,0.65,70236.4,5.605,0.09999999999126885,70236.35
1770679538626,2026-02-09 23:25:38.626000,ETHUSDT,2105.7,42.529,2105.8,99.905,0.1000000000003638,2105.75
1770679539633,2026-02-09 23:25:39.633000,BTCUSDT,70236.3,0.65,70236.4,6.848,0.09999999999126885,70236.35
1770679539633,2026-02-09 23:25:39.633000,ETHUSDT,2105.7,85.495,2105.8,49.468,0.1000000000003638,2105.75
1770679540639,2026-02-09 23:25:40.639000,BTCUSDT,70236.3,0.65,70236.4,5.356,0.09999999999126885,70236.35
1770679540639,2026-02-09 23:25:40.639000,ETHUSDT,2105.7,81.845,2105.8,1.586,0.1000000000003638,2105.75
1770679541646,2026-02-09 23:25:41.646000,BTCUSDT,70236.3,0.745,70236.4,5.608,0.09999999999126885,70236.35
1770679541646,2026-02-09 23:25:41.646000,ETHUSDT,2105.7,52.232,2105.8,98.406,0.1000000000003638,2105.75
1770679542652,2026-02-09 23:25:42.652000,BTCUSDT,70229.8,1.023,70229.9,5.532,0.09999999999126885,70229.85
1770679542652,2026-02-09 23:25:42.652000,ETHUSDT,2105.2,102.105,2105.3,12.459,0.1000000000003638,2105.25
1770679543656,2026-02-09 23:25:43.656000,BTCUSDT,70229.8,0.648,70229.9,5.532,0.09999999999126885,70229.85
1770679543656,2026-02-09 23:25:43.656000,ETHUSDT,2105.2,47.523,2105.3,20.09,0.1000000000003638,2105.25
1770679544658,2026-02-09 23:25:44.658000,BTCUSDT,70229.8,0.003,70229.9,4.076,0.09999999999126885,70229.85
1770679544658,2026-02-09 23:25:44.658000,ETHUSDT,2105.2,43.204,2105.3,162.907,0.1000000000003638,2105.25
1770679545660,2026-02-09 23:25:45.660000,BTCUSDT,70229.8,0.003,70229.9,4.121,0.09999999999126885,70229.85
1770679545660,2026-02-09 23:25:45.660000,ETHUSDT,2105.1,9.428,2105.2,18.855,0.09999999999990905,2105.1499999999996
1770679546666,2026-02-09 23:25:46.666000,BTCUSDT,70229.8,0.003,70229.9,4.053,0.09999999999126885,70229.85
1770679546666,2026-02-09 23:25:46.666000,ETHUSDT,2105.0,39.844,2105.1,39.554,0.09999999999990905,2105.05
1770679547671,2026-02-09 23:25:47.671000,BTCUSDT,70229.8,0.003,70229.9,4.053,0.09999999999126885,70229.85
1770679547671,2026-02-09 23:25:47.671000,ETHUSDT,2105.0,1.96,2105.1,89.379,0.09999999999990905,2105.05
1770679548678,2026-02-09 23:25:48.678000,BTCUSDT,70229.8,1.372,70229.9,3.055,0.09999999999126885,70229.85
1770679548678,2026-02-09 23:25:48.678000,ETHUSDT,2105.3,70.391,2105.4,60.341,0.09999999999990905,2105.3500000000004
1770679549684,2026-02-09 23:25:49.684000,BTCUSDT,70229.8,1.123,70229.9,2.647,0.09999999999126885,70229.85
1770679549684,2026-02-09 23:25:49.684000,ETHUSDT,2105.3,19.948,2105.4,60.671,0.09999999999990905,2105.3500000000004
1770679550690,2026-02-09 23:25:50.690000,BTCUSDT,70236.3,1.968,70236.4,0.627,0.09999999999126885,70236.35
1770679550690,2026-02-09 23:25:50.690000,ETHUSDT,2105.5,71.031,2105.6,16.189,0.09999999999990905,2105.55
1770679551696,2026-02-09 23:25:51.696000,BTCUSDT,70239.7,1.268,70239.8,4.258,0.10000000000582077,70239.75
1770679551696,2026-02-09 23:25:51.696000,ETHUSDT,2105.5,0.875,2105.6,51.151,0.09999999999990905,2105.55
1770679552699,2026-02-09 23:25:52.699000,BTCUSDT,70239.7,1.911,70239.8,4.529,0.10000000000582077,70239.75
1770679552699,2026-02-09 23:25:52.699000,ETHUSDT,2105.5,2.799,2105.6,106.655,0.09999999999990905,2105.55
1770679553703,2026-02-09 23:25:53.703000,BTCUSDT,70239.7,1.911,70239.8,4.529,0.10000000000582077,70239.75
1770679553703,2026-02-09 23:25:53.703000,ETHUSDT,2105.3,24.678,2105.4,4.111,0.09999999999990905,2105.3500000000004
1770679554709,2026-02-09 23:25:54.709000,BTCUSDT,70240.9,2.196,70241.0,1.392,0.10000000000582077,70240.95
1770679554709,2026-02-09 23:25:54.709000,ETHUSDT,2105.4,53.159,2105.5,2.631,0.09999999999990905,2105.45
1770679555714,2026-02-09 23:25:55.714000,BTCUSDT,70241.5,0.01,70241.6,3.936,0.10000000000582077,70241.55
1770679555714,2026-02-09 23:25:55.714000,ETHUSDT,2105.4,23.137,2105.5,18.231,0.09999999999990905,2105.45
1770679556719,2026-02-09 23:25:56.719000,BTCUSDT,70241.5,0.01,70241.6,4.493,0.10000000000582077,70241.55
1770679556719,2026-02-09 23:25:56.719000,ETHUSDT,2105.4,51.531,2105.5,4.877,0.09999999999990905,2105.45
1770679557720,2026-02-09 23:25:57.720000,BTCUSDT,70241.5,0.01,70241.6,4.502,0.10000000000582077,70241.55
1770679557720,2026-02-09 23:25:57.720000,ETHUSDT,2105.4,35.297,2105.5,19.903,0.09999999999990905,2105.45
1770679558722,2026-02-09 23:25:58.722000,BTCUSDT,70241.5,1.058,70241.6,1.752,0.10000000000582077,70241.55
1770679558722,2026-02-09 23:25:58.722000,ETHUSDT,2105.7,5.871,2105.8,62.64,0.1000000000003638,2105.75
1770679559724,2026-02-09 23:25:59.724000,BTCUSDT,70241.5,1.058,70241.6,1.752,0.10000000000582077,70241.55
1770679559724,2026-02-09 23:25:59.724000,ETHUSDT,2105.7,4.144,2105.8,62.644,0.1000000000003638,2105.75
1770679560729,2026-02-09 23:26:00.729000,BTCUSDT,70241.5,1.086,70241.6,1.667,0.10000000000582077,70241.55
1770679560729,2026-02-09 23:26:00.729000,ETHUSDT,2105.5,19.716,2105.6,12.711,0.09999999999990905,2105.55
1770679561732,2026-02-09 23:26:01.732000,BTCUSDT,70241.5,1.144,70241.6,1.665,0.10000000000582077,70241.55
1770679561732,2026-02-09 23:26:01.732000,ETHUSDT,2105.5,13.403,2105.6,21.236,0.09999999999990905,2105.55
1770679562735,2026-02-09 23:26:02.735000,BTCUSDT,70241.5,1.119,70241.6,1.651,0.10000000000582077,70241.55
1770679562735,2026-02-09 23:26:02.735000,ETHUSDT,2105.5,36.031,2105.6,6.917,0.09999999999990905,2105.55
1770679563737,2026-02-09 23:26:03.737000,BTCUSDT,70237.6,2.668,70237.7,1.565,0.09999999999126885,70237.65
1770679563737,2026-02-09 23:26:03.737000,ETHUSDT,2105.3,57.573,2105.4,8.671,0.09999999999990905,2105.3500000000004
1770679564742,2026-02-09 23:26:04.742000,BTCUSDT,70237.6,2.717,70237.7,0.654,0.09999999999126885,70237.65
1770679564742,2026-02-09 23:26:04.742000,ETHUSDT,2105.5,0.911,2105.6,57.166,0.09999999999990905,2105.55
1770679565746,2026-02-09 23:26:05.746000,BTCUSDT,70236.3,2.696,70236.4,2.295,0.09999999999126885,70236.35
1770679565746,2026-02-09 23:26:05.746000,ETHUSDT,2105.0,82.072,2105.1,11.095,0.09999999999990905,2105.05
1770679566752,2026-02-09 23:26:06.752000,BTCUSDT,70236.3,0.741,70236.4,2.356,0.09999999999126885,70236.35
1770679566752,2026-02-09 23:26:06.752000,ETHUSDT,2105.0,81.784,2105.1,19.408,0.09999999999990905,2105.05
1770679567755,2026-02-09 23:26:07.755000,BTCUSDT,70236.3,1.044,70236.4,2.605,0.09999999999126885,70236.35
1770679567755,2026-02-09 23:26:07.755000,ETHUSDT,2105.0,81.78,2105.1,20.782,0.09999999999990905,2105.05
1770679568761,2026-02-09 23:26:08.761000,BTCUSDT,70231.1,0.74,70231.2,1.721,0.09999999999126885,70231.15
1770679568761,2026-02-09 23:26:08.761000,ETHUSDT,2105.0,0.032,2105.1,110.254,0.09999999999990905,2105.05
1770679569765,2026-02-09 23:26:09.765000,BTCUSDT,70232.8,3.428,70232.9,0.103,0.09999999999126885,70232.85
1770679569765,2026-02-09 23:26:09.765000,ETHUSDT,2105.0,122.794,2105.1,2.245,0.09999999999990905,2105.05
1770679570768,2026-02-09 23:26:10.768000,BTCUSDT,70232.8,3.679,70232.9,0.002,0.09999999999126885,70232.85
1770679570768,2026-02-09 23:26:10.768000,ETHUSDT,2105.0,96.048,2105.1,5.216,0.09999999999990905,2105.05
1770679571773,2026-02-09 23:26:11.773000,BTCUSDT,70237.9,1.632,70238.0,2.15,0.10000000000582077,70237.95
1770679571773,2026-02-09 23:26:11.773000,ETHUSDT,2105.0,145.664,2105.1,0.004,0.09999999999990905,2105.05
1770679572775,2026-02-09 23:26:12.775000,BTCUSDT,70237.9,1.726,70238.0,2.155,0.10000000000582077,70237.95
1770679572775,2026-02-09 23:26:12.775000,ETHUSDT,2105.2,41.837,2105.3,24.117,0.1000000000003638,2105.25
1770679573779,2026-02-09 23:26:13.779000,BTCUSDT,70234.1,0.001,70234.2,5.52,0.09999999999126885,70234.15
1770679573779,2026-02-09 23:26:13.779000,ETHUSDT,2104.8,31.58,2104.9,20.684,0.09999999999990905,2104.8500000000004
1770679574781,2026-02-09 23:26:14.781000,BTCUSDT,70241.5,1.927,70241.6,0.492,0.10000000000582077,70241.55
1770679574781,2026-02-09 23:26:14.781000,ETHUSDT,2105.7,0.639,2105.8,102.009,0.1000000000003638,2105.75
1770679575783,2026-02-09 23:26:15.783000,BTCUSDT,70241.5,1.077,70241.6,2.546,0.10000000000582077,70241.55
1770679575783,2026-02-09 23:26:15.783000,ETHUSDT,2105.6,79.315,2105.7,5.429,0.09999999999990905,2105.6499999999996
1770679576784,2026-02-09 23:26:16.784000,BTCUSDT,70241.5,0.462,70241.6,3.147,0.10000000000582077,70241.55
1770679576784,2026-02-09 23:26:16.784000,ETHUSDT,2105.6,176.075,2105.7,0.043,0.09999999999990905,2105.6499999999996
1770679577788,2026-02-09 23:26:17.788000,BTCUSDT,70241.5,0.807,70241.6,0.721,0.10000000000582077,70241.55
1770679577788,2026-02-09 23:26:17.788000,ETHUSDT,2105.9,87.664,2106.0,29.153,0.09999999999990905,2105.95
1770679578791,2026-02-09 23:26:18.791000,BTCUSDT,70241.5,0.807,70241.6,0.721,0.10000000000582077,70241.55
1770679578791,2026-02-09 23:26:18.791000,ETHUSDT,2105.9,96.478,2106.0,29.153,0.09999999999990905,2105.95
1770679579811,2026-02-09 23:26:19.811000,BTCUSDT,70241.5,0.785,70241.6,1.364,0.10000000000582077,70241.55
1770679579811,2026-02-09 23:26:19.811000,ETHUSDT,2105.9,96.978,2106.0,5.416,0.09999999999990905,2105.95
1770679580814,2026-02-09 23:26:20.814000,BTCUSDT,70241.5,0.713,70241.6,1.366,0.10000000000582077,70241.55
1770679580814,2026-02-09 23:26:20.814000,ETHUSDT,2105.9,96.978,2106.0,29.157,0.09999999999990905,2105.95
1770679581821,2026-02-09 23:26:21.821000,BTCUSDT,70241.5,0.739,70241.6,1.366,0.10000000000582077,70241.55
1770679581821,2026-02-09 23:26:21.821000,ETHUSDT,2105.9,96.978,2106.0,5.416,0.09999999999990905,2105.95
1770679582826,2026-02-09 23:26:22.826000,BTCUSDT,70241.5,0.713,70241.6,1.679,0.10000000000582077,70241.55
1770679582826,2026-02-09 23:26:22.826000,ETHUSDT,2105.9,51.85,2106.0,45.951,0.09999999999990905,2105.95
1770679583831,2026-02-09 23:26:23.831000,BTCUSDT,70241.5,0.462,70241.6,1.973,0.10000000000582077,70241.55
1770679583831,2026-02-09 23:26:23.831000,ETHUSDT,2105.9,52.145,2106.0,21.95,0.09999999999990905,2105.95
1770679584833,2026-02-09 23:26:24.833000,BTCUSDT,70241.5,0.462,70241.6,1.973,0.10000000000582077,70241.55
1770679584833,2026-02-09 23:26:24.833000,ETHUSDT,2105.9,52.077,2106.0,21.954,0.09999999999990905,2105.95
1770679585834,2026-02-09 23:26:25.834000,BTCUSDT,70246.9,0.357,70247.0,3.244,0.10000000000582077,70246.95
1770679585834,2026-02-09 23:26:25.834000,ETHUSDT,2106.3,46.923,2106.4,10.766,0.09999999999990905,2106.3500000000004
1770679586840,2026-02-09 23:26:26.840000,BTCUSDT,70246.9,0.107,70247.0,3.763,0.10000000000582077,70246.95
1770679586840,2026-02-09 23:26:26.840000,ETHUSDT,2106.3,101.151,2106.4,19.075,0.09999999999990905,2106.3500000000004
1770679587846,2026-02-09 23:26:27.846000,BTCUSDT,70241.6,0.395,70241.7,2.454,0.09999999999126885,70241.65
1770679587846,2026-02-09 23:26:27.846000,ETHUSDT,2106.1,30.171,2106.2,79.756,0.09999999999990905,2106.1499999999996
1770679588849,2026-02-09 23:26:28.849000,BTCUSDT,70241.6,0.423,70241.7,2.454,0.09999999999126885,70241.65
1770679588849,2026-02-09 23:26:28.849000,ETHUSDT,2106.1,4.788,2106.2,80.156,0.09999999999990905,2106.1499999999996
1770679589855,2026-02-09 23:26:29.855000,BTCUSDT,70241.6,2.768,70241.7,1.41,0.09999999999126885,70241.65
1770679589855,2026-02-09 23:26:29.855000,ETHUSDT,2106.5,3.833,2106.6,33.584,0.09999999999990905,2106.55
1770679590861,2026-02-09 23:26:30.861000,BTCUSDT,70241.6,2.768,70241.7,1.41,0.09999999999126885,70241.65
1770679590861,2026-02-09 23:26:30.861000,ETHUSDT,2106.5,66.048,2106.6,7.329,0.09999999999990905,2106.55
1770679591863,2026-02-09 23:26:31.863000,BTCUSDT,70243.6,5.105,70243.7,1.393,0.09999999999126885,70243.65
1770679591863,2026-02-09 23:26:31.863000,ETHUSDT,2106.8,110.505,2106.9,5.063,0.09999999999990905,2106.8500000000004
1770679592866,2026-02-09 23:26:32.866000,BTCUSDT,70250.0,1.239,70250.1,0.84,0.10000000000582077,70250.05
1770679592866,2026-02-09 23:26:32.866000,ETHUSDT,2106.8,111.492,2106.9,28.794,0.09999999999990905,2106.8500000000004
1770679593871,2026-02-09 23:26:33.871000,BTCUSDT,70241.9,0.322,70242.0,2.581,0.10000000000582077,70241.95
1770679593871,2026-02-09 23:26:33.871000,ETHUSDT,2106.0,28.694,2106.1,47.513,0.09999999999990905,2106.05
1770679594876,2026-02-09 23:26:34.876000,BTCUSDT,70241.9,0.322,70242.0,2.563,0.10000000000582077,70241.95
1770679594876,2026-02-09 23:26:34.876000,ETHUSDT,2106.0,106.705,2106.1,0.314,0.09999999999990905,2106.05
1770679595879,2026-02-09 23:26:35.879000,BTCUSDT,70241.9,0.965,70242.0,2.301,0.10000000000582077,70241.95
1770679595879,2026-02-09 23:26:35.879000,ETHUSDT,2106.0,106.705,2106.1,0.314,0.09999999999990905,2106.05
1770679596882,2026-02-09 23:26:36.882000,BTCUSDT,70241.9,1.037,70242.0,2.29,0.10000000000582077,70241.95
1770679596882,2026-02-09 23:26:36.882000,ETHUSDT,2106.0,106.705,2106.1,5.061,0.09999999999990905,2106.05
1770679597885,2026-02-09 23:26:37.885000,BTCUSDT,70241.9,1.037,70242.0,2.245,0.10000000000582077,70241.95
1770679597885,2026-02-09 23:26:37.885000,ETHUSDT,2106.0,106.701,2106.1,0.31,0.09999999999990905,2106.05
1770679598890,2026-02-09 23:26:38.890000,BTCUSDT,70247.0,0.371,70247.1,4.778,0.10000000000582077,70247.05
1770679598890,2026-02-09 23:26:38.890000,ETHUSDT,2106.7,1.38,2106.8,87.022,0.1000000000003638,2106.75
1770679599895,2026-02-09 23:26:39.895000,BTCUSDT,70247.0,0.371,70247.1,4.928,0.10000000000582077,70247.05
1770679599895,2026-02-09 23:26:39.895000,ETHUSDT,2106.7,2.736,2106.8,52.502,0.1000000000003638,2106.75
1770679600897,2026-02-09 23:26:40.897000,BTCUSDT,70242.5,0.325,70242.6,2.56,0.10000000000582077,70242.55
1770679600897,2026-02-09 23:26:40.897000,ETHUSDT,2106.4,0.777,2106.5,109.984,0.09999999999990905,2106.45
1770679601903,2026-02-09 23:26:41.903000,BTCUSDT,70242.5,1.748,70242.6,2.554,0.10000000000582077,70242.55
1770679601903,2026-02-09 23:26:41.903000,ETHUSDT,2106.4,3.136,2106.5,72.632,0.09999999999990905,2106.45
1770679602908,2026-02-09 23:26:42.908000,BTCUSDT,70242.5,1.748,70242.6,2.554,0.10000000000582077,70242.55
1770679602908,2026-02-09 23:26:42.908000,ETHUSDT,2106.4,8.828,2106.5,71.76,0.09999999999990905,2106.45
1770679603912,2026-02-09 23:26:43.912000,BTCUSDT,70242.5,0.001,70242.6,4.504,0.10000000000582077,70242.55
1770679603912,2026-02-09 23:26:43.912000,ETHUSDT,2106.2,158.398,2106.3,5.312,0.1000000000003638,2106.25
1770679604917,2026-02-09 23:26:44.917000,BTCUSDT,70242.5,0.001,70242.6,4.504,0.10000000000582077,70242.55
1770679604917,2026-02-09 23:26:44.917000,ETHUSDT,2106.2,161.844,2106.3,17.143,0.1000000000003638,2106.25
1770679605920,2026-02-09 23:26:45.920000,BTCUSDT,70242.5,0.001,70242.6,4.504,0.10000000000582077,70242.55
1770679605920,2026-02-09 23:26:45.920000,ETHUSDT,2106.2,161.684,2106.3,19.321,0.1000000000003638,2106.25
1770679606922,2026-02-09 23:26:46.922000,BTCUSDT,70238.6,0.532,70238.7,5.248,0.09999999999126885,70238.65
1770679606922,2026-02-09 23:26:46.922000,ETHUSDT,2106.2,163.331,2106.3,19.635,0.1000000000003638,2106.25
1770679607924,2026-02-09 23:26:47.924000,BTCUSDT,70238.6,0.372,70238.7,3.728,0.09999999999126885,70238.65
1770679607924,2026-02-09 23:26:47.924000,ETHUSDT,2106.4,58.44,2106.5,47.965,0.09999999999990905,2106.45
1770679608928,2026-02-09 23:26:48.928000,BTCUSDT,70238.6,1.015,70238.7,3.728,0.09999999999126885,70238.65
1770679608928,2026-02-09 23:26:48.928000,ETHUSDT,2106.4,145.974,2106.5,33.635,0.09999999999990905,2106.45
1770679609932,2026-02-09 23:26:49.932000,BTCUSDT,70238.6,1.015,70238.7,3.73,0.09999999999126885,70238.65
1770679609932,2026-02-09 23:26:49.932000,ETHUSDT,2106.4,110.369,2106.5,33.839,0.09999999999990905,2106.45
1770679610936,2026-02-09 23:26:50.936000,BTCUSDT,70238.6,1.087,70238.7,5.167,0.09999999999126885,70238.65
1770679610936,2026-02-09 23:26:50.936000,ETHUSDT,2106.4,156.57,2106.5,33.639,0.09999999999990905,2106.45
1770679611940,2026-02-09 23:26:51.940000,BTCUSDT,70238.6,0.344,70238.7,5.283,0.09999999999126885,70238.65
1770679611940,2026-02-09 23:26:51.940000,ETHUSDT,2106.4,1.41,2106.5,55.251,0.09999999999990905,2106.45
1770679612945,2026-02-09 23:26:52.945000,BTCUSDT,70238.6,0.344,70238.7,5.283,0.09999999999126885,70238.65
1770679612945,2026-02-09 23:26:52.945000,ETHUSDT,2106.4,0.671,2106.5,55.247,0.09999999999990905,2106.45
1770679613947,2026-02-09 23:26:53.947000,BTCUSDT,70238.6,0.001,70238.7,2.743,0.09999999999126885,70238.65
1770679613947,2026-02-09 23:26:53.947000,ETHUSDT,2106.9,23.731,2107.0,0.174,0.09999999999990905,2106.95
1770679614956,2026-02-09 23:26:54.956000,BTCUSDT,70242.6,2.195,70242.7,0.742,0.09999999999126885,70242.65
1770679614956,2026-02-09 23:26:54.956000,ETHUSDT,2107.5,150.236,2107.6,0.004,0.09999999999990905,2107.55
1770679615962,2026-02-09 23:26:55.962000,BTCUSDT,70248.6,7.227,70248.7,2.448,0.09999999999126885,70248.65
1770679615962,2026-02-09 23:26:55.962000,ETHUSDT,2107.8,16.691,2107.9,20.964,0.09999999999990905,2107.8500000000004
1770679616966,2026-02-09 23:26:56.966000,BTCUSDT,70248.9,7.232,70249.0,5.364,0.10000000000582077,70248.95
1770679616966,2026-02-09 23:26:56.966000,ETHUSDT,2108.0,80.906,2108.1,5.122,0.09999999999990905,2108.05
1770679617968,2026-02-09 23:26:57.968000,BTCUSDT,70267.4,1.23,70267.5,1.355,0.10000000000582077,70267.45
1770679617968,2026-02-09 23:26:57.968000,ETHUSDT,2108.2,109.633,2108.3,0.002,0.1000000000003638,2108.25
1770679618974,2026-02-09 23:26:58.974000,BTCUSDT,70267.4,1.854,70267.5,1.325,0.10000000000582077,70267.45
1770679618974,2026-02-09 23:26:58.974000,ETHUSDT,2108.4,124.306,2108.5,2.595,0.09999999999990905,2108.45
1770679619980,2026-02-09 23:26:59.980000,BTCUSDT,70267.4,0.378,70267.5,3.928,0.10000000000582077,70267.45
1770679619980,2026-02-09 23:26:59.980000,ETHUSDT,2108.4,0.671,2108.5,32.7,0.09999999999990905,2108.45
1770679620987,2026-02-09 23:27:00.987000,BTCUSDT,70275.9,6.455,70276.0,0.101,0.10000000000582077,70275.95
1770679620987,2026-02-09 23:27:00.987000,ETHUSDT,2108.7,100.204,2108.8,2.594,0.1000000000003638,2108.75
1770679621988,2026-02-09 23:27:01.988000,BTCUSDT,70275.9,4.07,70276.0,1.153,0.10000000000582077,70275.95
1770679621988,2026-02-09 23:27:01.988000,ETHUSDT,2108.8,83.72,2108.9,52.317,0.09999999999990905,2108.8500000000004
1770679622994,2026-02-09 23:27:02.994000,BTCUSDT,70275.9,1.153,70276.0,1.431,0.10000000000582077,70275.95
1770679622994,2026-02-09 23:27:02.994000,ETHUSDT,2108.6,76.855,2108.7,21.412,0.09999999999990905,2108.6499999999996
1770679624000,2026-02-09 23:27:04.000000,BTCUSDT,70275.9,2.575,70276.0,1.431,0.10000000000582077,70275.95
1770679624000,2026-02-09 23:27:04.000000,ETHUSDT,2108.6,75.881,2108.7,21.308,0.09999999999990905,2108.6499999999996
1770679625005,2026-02-09 23:27:05.005000,BTCUSDT,70275.9,1.151,70276.0,1.525,0.10000000000582077,70275.95
1770679625005,2026-02-09 23:27:05.005000,ETHUSDT,2108.6,69.687,2108.7,28.014,0.09999999999990905,2108.6499999999996
1770679626012,2026-02-09 23:27:06.012000,BTCUSDT,70275.9,3.216,70276.0,1.23,0.10000000000582077,70275.95
1770679626012,2026-02-09 23:27:06.012000,ETHUSDT,2108.6,70.191,2108.7,21.812,0.09999999999990905,2108.6499999999996
1770679627018,2026-02-09 23:27:07.018000,BTCUSDT,70264.1,0.101,70264.2,1.511,0.09999999999126885,70264.15
1770679627018,2026-02-09 23:27:07.018000,ETHUSDT,2108.2,6.126,2108.3,6.248,0.1000000000003638,2108.25
1770679628023,2026-02-09 23:27:08.023000,BTCUSDT,70264.1,0.462,70264.2,2.028,0.09999999999126885,70264.15
1770679628023,2026-02-09 23:27:08.023000,ETHUSDT,2108.2,136.398,2108.3,0.2,0.1000000000003638,2108.25
1770679629028,2026-02-09 23:27:09.028000,BTCUSDT,70264.1,2.978,70264.2,1.354,0.09999999999126885,70264.15
1770679629028,2026-02-09 23:27:09.028000,ETHUSDT,2108.6,0.735,2108.7,15.732,0.09999999999990905,2108.6499999999996
1770679630032,2026-02-09 23:27:10.032000,BTCUSDT,70264.1,0.101,70264.2,2.338,0.09999999999126885,70264.15
1770679630032,2026-02-09 23:27:10.032000,ETHUSDT,2107.9,40.815,2108.0,25.629,0.09999999999990905,2107.95
1770679631038,2026-02-09 23:27:11.038000,BTCUSDT,70264.1,0.104,70264.2,2.338,0.09999999999126885,70264.15
1770679631038,2026-02-09 23:27:11.038000,ETHUSDT,2107.9,30.626,2108.0,25.173,0.09999999999990905,2107.95
1770679632040,2026-02-09 23:27:12.040000,BTCUSDT,70250.3,0.437,70250.4,1.133,0.09999999999126885,70250.35
1770679632040,2026-02-09 23:27:12.040000,ETHUSDT,2107.3,41.307,2107.4,14.047,0.09999999999990905,2107.3500000000004
1770679633044,2026-02-09 23:27:13.044000,BTCUSDT,70250.3,0.101,70250.4,1.849,0.09999999999126885,70250.35
1770679633044,2026-02-09 23:27:13.044000,ETHUSDT,2107.3,49.937,2107.4,17.901,0.09999999999990905,2107.3500000000004
1770679634050,2026-02-09 23:27:14.050000,BTCUSDT,70250.3,1.212,70250.4,0.365,0.09999999999126885,70250.35
1770679634050,2026-02-09 23:27:14.050000,ETHUSDT,2107.3,112.474,2107.4,13.953,0.09999999999990905,2107.3500000000004
1770679635054,2026-02-09 23:27:15.054000,BTCUSDT,70249.6,0.289,70249.7,4.899,0.09999999999126885,70249.65
1770679635054,2026-02-09 23:27:15.054000,ETHUSDT,2107.3,112.474,2107.4,13.957,0.09999999999990905,2107.3500000000004
1770679636057,2026-02-09 23:27:16.057000,BTCUSDT,70259.4,1.716,70259.5,1.105,0.10000000000582077,70259.45
1770679636057,2026-02-09 23:27:16.057000,ETHUSDT,2107.6,137.658,2107.7,7.95,0.09999999999990905,2107.6499999999996
1770679637059,2026-02-09 23:27:17.059000,BTCUSDT,70275.9,1.398,70276.0,1.459,0.10000000000582077,70275.95
1770679637059,2026-02-09 23:27:17.059000,ETHUSDT,2108.2,2.448,2108.3,35.907,0.1000000000003638,2108.25
1770679638061,2026-02-09 23:27:18.061000,BTCUSDT,70275.9,1.398,70276.0,2.855,0.10000000000582077,70275.95
1770679638061,2026-02-09 23:27:18.061000,ETHUSDT,2108.2,2.484,2108.3,35.915,0.1000000000003638,2108.25
1770679639067,2026-02-09 23:27:19.067000,BTCUSDT,70275.9,1.454,70276.0,1.852,0.10000000000582077,70275.95
1770679639067,2026-02-09 23:27:19.067000,ETHUSDT,2108.2,65.102,2108.3,11.693,0.1000000000003638,2108.25
1770679640073,2026-02-09 23:27:20.073000,BTCUSDT,70275.9,1.454,70276.0,0.461,0.10000000000582077,70275.95
1770679640073,2026-02-09 23:27:20.073000,ETHUSDT,2108.2,65.857,2108.3,12.204,0.1000000000003638,2108.25
1770679641078,2026-02-09 23:27:21.078000,BTCUSDT,70272.5,2.221,70272.6,1.254,0.10000000000582077,70272.55
1770679641078,2026-02-09 23:27:21.078000,ETHUSDT,2107.9,34.693,2108.0,23.576,0.09999999999990905,2107.95
1770679642083,2026-02-09 23:27:22.083000,BTCUSDT,70272.5,3.647,70272.6,0.073,0.10000000000582077,70272.55
1770679642083,2026-02-09 23:27:22.083000,ETHUSDT,2107.9,44.24,2108.0,8.096,0.09999999999990905,2107.95
1770679643087,2026-02-09 23:27:23.087000,BTCUSDT,70272.5,1.431,70272.6,0.995,0.10000000000582077,70272.55
1770679643087,2026-02-09 23:27:23.087000,ETHUSDT,2107.4,0.184,2107.5,26.893,0.09999999999990905,2107.45
1770679644093,2026-02-09 23:27:24.093000,BTCUSDT,70270.1,1.824,70270.2,1.786,0.09999999999126885,70270.15
1770679644093,2026-02-09 23:27:24.093000,ETHUSDT,2107.4,0.192,2107.5,26.029,0.09999999999990905,2107.45
1770679645098,2026-02-09 23:27:25.098000,BTCUSDT,70279.0,2.244,70279.1,0.171,0.10000000000582077,70279.05
1770679645098,2026-02-09 23:27:25.098000,ETHUSDT,2107.8,106.375,2107.9,0.093,0.09999999999990905,2107.8500000000004
1770679646103,2026-02-09 23:27:26.103000,BTCUSDT,70284.9,1.454,70285.0,0.072,0.10000000000582077,70284.95
1770679646103,2026-02-09 23:27:26.103000,ETHUSDT,2107.8,105.78,2107.9,0.093,0.09999999999990905,2107.8500000000004
1770679647104,2026-02-09 23:27:27.104000,BTCUSDT,70288.5,2.133,70288.6,1.24,0.10000000000582077,70288.55
1770679647104,2026-02-09 23:27:27.104000,ETHUSDT,2108.0,66.875,2108.1,2.739,0.09999999999990905,2108.05
1770679648110,2026-02-09 23:27:28.110000,BTCUSDT,70288.5,1.861,70288.6,2.141,0.10000000000582077,70288.55
1770679648110,2026-02-09 23:27:28.110000,ETHUSDT,2108.0,66.715,2108.1,13.664,0.09999999999990905,2108.05
1770679649117,2026-02-09 23:27:29.117000,BTCUSDT,70288.5,1.845,70288.6,2.531,0.10000000000582077,70288.55
1770679649117,2026-02-09 23:27:29.117000,ETHUSDT,2108.0,19.159,2108.1,28.505,0.09999999999990905,2108.05
1770679650119,2026-02-09 23:27:30.119000,BTCUSDT,70284.6,0.38,70284.7,5.257,0.09999999999126885,70284.65
1770679650119,2026-02-09 23:27:30.119000,ETHUSDT,2107.7,25.419,2107.8,22.077,0.1000000000003638,2107.75
1770679651121,2026-02-09 23:27:31.121000,BTCUSDT,70284.5,0.033,70284.6,3.909,0.10000000000582077,70284.55
1770679651121,2026-02-09 23:27:31.121000,ETHUSDT,2107.7,0.645,2107.8,23.804,0.1000000000003638,2107.75
1770679652127,2026-02-09 23:27:32.127000,BTCUSDT,70284.5,0.314,70284.6,3.909,0.10000000000582077,70284.55
1770679652127,2026-02-09 23:27:32.127000,ETHUSDT,2107.7,40.073,2107.8,13.168,0.1000000000003638,2107.75
1770679653134,2026-02-09 23:27:33.134000,BTCUSDT,70284.5,1.416,70284.6,1.093,0.10000000000582077,70284.55
1770679653134,2026-02-09 23:27:33.134000,ETHUSDT,2108.0,148.846,2108.1,0.066,0.09999999999990905,2108.05
1770679654139,2026-02-09 23:27:34.139000,BTCUSDT,70284.5,1.416,70284.6,0.855,0.10000000000582077,70284.55
1770679654139,2026-02-09 23:27:34.139000,ETHUSDT,2108.2,90.03,2108.3,47.726,0.1000000000003638,2108.25
1770679655145,2026-02-09 23:27:35.145000,BTCUSDT,70284.5,1.34,70284.6,3.177,0.10000000000582077,70284.55
1770679655145,2026-02-09 23:27:35.145000,ETHUSDT,2108.2,62.686,2108.3,26.671,0.1000000000003638,2108.25
1770679656151,2026-02-09 23:27:36.151000,BTCUSDT,70284.5,1.414,70284.6,1.738,0.10000000000582077,70284.55
1770679656151,2026-02-09 23:27:36.151000,ETHUSDT,2108.2,105.41,2108.3,6.128,0.1000000000003638,2108.25
1770679657156,2026-02-09 23:27:37.156000,BTCUSDT,70275.8,2.257,70275.9,0.008,0.09999999999126885,70275.85
1770679657156,2026-02-09 23:27:37.156000,ETHUSDT,2107.6,4.823,2107.7,34.109,0.09999999999990905,2107.6499999999996
1770679658161,2026-02-09 23:27:38.161000,BTCUSDT,70270.2,0.009,70270.3,0.02,0.10000000000582077,70270.25
1770679658161,2026-02-09 23:27:38.161000,ETHUSDT,2107.0,9.608,2107.1,25.252,0.09999999999990905,2107.05
1770679659167,2026-02-09 23:27:39.167000,BTCUSDT,70267.4,1.191,70267.5,3.363,0.10000000000582077,70267.45
1770679659167,2026-02-09 23:27:39.167000,ETHUSDT,2106.8,99.895,2106.9,13.969,0.09999999999990905,2106.8500000000004
1770679660173,2026-02-09 23:27:40.173000,BTCUSDT,70267.4,1.191,70267.5,3.333,0.10000000000582077,70267.45
1770679660173,2026-02-09 23:27:40.173000,ETHUSDT,2106.8,104.806,2106.9,15.128,0.09999999999990905,2106.8500000000004
1770679661177,2026-02-09 23:27:41.177000,BTCUSDT,70267.4,1.191,70267.5,3.573,0.10000000000582077,70267.45
1770679661177,2026-02-09 23:27:41.177000,ETHUSDT,2106.8,116.14,2106.9,6.823,0.09999999999990905,2106.8500000000004
1770679662184,2026-02-09 23:27:42.184000,BTCUSDT,70267.4,1.117,70267.5,3.573,0.10000000000582077,70267.45
1770679662184,2026-02-09 23:27:42.184000,ETHUSDT,2106.8,116.136,2106.9,6.819,0.09999999999990905,2106.8500000000004
1770679663190,2026-02-09 23:27:43.190000,BTCUSDT,70267.4,1.117,70267.5,3.573,0.10000000000582077,70267.45
1770679663190,2026-02-09 23:27:43.190000,ETHUSDT,2106.8,141.35,2106.9,6.928,0.09999999999990905,2106.8500000000004
1770679664192,2026-02-09 23:27:44.192000,BTCUSDT,70267.4,1.166,70267.5,3.573,0.10000000000582077,70267.45
1770679664192,2026-02-09 23:27:44.192000,ETHUSDT,2106.8,151.735,2106.9,6.928,0.09999999999990905,2106.8500000000004
1770679665198,2026-02-09 23:27:45.198000,BTCUSDT,70267.4,0.427,70267.5,3.95,0.10000000000582077,70267.45
1770679665198,2026-02-09 23:27:45.198000,ETHUSDT,2106.7,29.45,2106.8,12.725,0.1000000000003638,2106.75
1770679666203,2026-02-09 23:27:46.203000,BTCUSDT,70250.0,0.645,70250.1,2.571,0.10000000000582077,70250.05
1770679666203,2026-02-09 23:27:46.203000,ETHUSDT,2106.4,47.239,2106.5,26.624,0.09999999999990905,2106.45
1770679667204,2026-02-09 23:27:47.204000,BTCUSDT,70250.0,0.276,70250.1,3.372,0.10000000000582077,70250.05
1770679667204,2026-02-09 23:27:47.204000,ETHUSDT,2106.5,119.335,2106.6,6.288,0.09999999999990905,2106.55
1770679668207,2026-02-09 23:27:48.207000,BTCUSDT,70250.0,1.179,70250.1,2.457,0.10000000000582077,70250.05
1770679668207,2026-02-09 23:27:48.207000,ETHUSDT,2106.5,79.454,2106.6,21.155,0.09999999999990905,2106.55
1770679669212,2026-02-09 23:27:49.212000,BTCUSDT,70276.2,0.002,70276.3,4.609,0.10000000000582077,70276.25
1770679669212,2026-02-09 23:27:49.212000,ETHUSDT,2107.2,101.875,2107.3,12.236,0.1000000000003638,2107.25
1770679670214,2026-02-09 23:27:50.214000,BTCUSDT,70269.7,0.375,70269.8,4.75,0.10000000000582077,70269.75
1770679670214,2026-02-09 23:27:50.214000,ETHUSDT,2107.2,5.867,2107.3,47.062,0.1000000000003638,2107.25
1770679671220,2026-02-09 23:27:51.220000,BTCUSDT,70269.7,1.043,70269.8,4.109,0.10000000000582077,70269.75
1770679671220,2026-02-09 23:27:51.220000,ETHUSDT,2107.2,105.713,2107.3,17.92,0.1000000000003638,2107.25
1770679672226,2026-02-09 23:27:52.226000,BTCUSDT,70269.7,1.043,70269.8,3.858,0.10000000000582077,70269.75
1770679672226,2026-02-09 23:27:52.226000,ETHUSDT,2107.2,47.375,2107.3,14.86,0.1000000000003638,2107.25
1770679673232,2026-02-09 23:27:53.232000,BTCUSDT,70269.8,1.107,70269.9,2.193,0.09999999999126885,70269.85
1770679673232,2026-02-09 23:27:53.232000,ETHUSDT,2107.4,1.046,2107.5,30.095,0.09999999999990905,2107.45
1770679674236,2026-02-09 23:27:54.236000,BTCUSDT,70270.0,2.552,70270.1,0.198,0.10000000000582077,70270.05
1770679674236,2026-02-09 23:27:54.236000,ETHUSDT,2107.6,53.75,2107.7,29.781,0.09999999999990905,2107.6499999999996
1770679675241,2026-02-09 23:27:55.241000,BTCUSDT,70270.0,2.554,70270.1,0.198,0.10000000000582077,70270.05
1770679675241,2026-02-09 23:27:55.241000,ETHUSDT,2107.6,53.55,2107.7,26.374,0.09999999999990905,2107.6499999999996
1770679676244,2026-02-09 23:27:56.244000,BTCUSDT,70281.8,1.597,70281.9,2.65,0.09999999999126885,70281.85
1770679676244,2026-02-09 23:27:56.244000,ETHUSDT,2107.8,1.046,2107.9,28.752,0.09999999999990905,2107.8500000000004
1770679677248,2026-02-09 23:27:57.248000,BTCUSDT,70277.3,0.426,70277.4,4.941,0.09999999999126885,70277.35
1770679677248,2026-02-09 23:27:57.248000,ETHUSDT,2107.3,40.121,2107.4,24.556,0.09999999999990905,2107.3500000000004
1770679678252,2026-02-09 23:27:58.252000,BTCUSDT,70270.0,1.021,70270.1,4.962,0.10000000000582077,70270.05
1770679678252,2026-02-09 23:27:58.252000,ETHUSDT,2107.3,0.89,2107.4,50.119,0.09999999999990905,2107.3500000000004
1770679679255,2026-02-09 23:27:59.255000,BTCUSDT,70270.0,1.233,70270.1,2.654,0.10000000000582077,70270.05
1770679679255,2026-02-09 23:27:59.255000,ETHUSDT,2107.1,7.161,2107.3,115.266,0.20000000000027285,2107.2
1770679680270,2026-02-09 23:28:00.270000,BTCUSDT,70270.0,1.233,70270.1,2.656,0.10000000000582077,70270.05
1770679680270,2026-02-09 23:28:00.270000,ETHUSDT,2106.9,87.442,2107.0,11.121,0.09999999999990905,2106.95
1770679681276,2026-02-09 23:28:01.276000,BTCUSDT,70270.0,1.02,70270.1,2.905,0.10000000000582077,70270.05
1770679681276,2026-02-09 23:28:01.276000,ETHUSDT,2106.8,0.5,2106.9,76.632,0.09999999999990905,2106.8500000000004
1770679682281,2026-02-09 23:28:02.281000,BTCUSDT,70263.3,3.633,70263.4,0.196,0.09999999999126885,70263.35
1770679682281,2026-02-09 23:28:02.281000,ETHUSDT,2106.8,64.365,2106.9,5.263,0.09999999999990905,2106.8500000000004
1770679683286,2026-02-09 23:28:03.286000,BTCUSDT,70269.7,2.32,70269.8,1.794,0.10000000000582077,70269.75
1770679683286,2026-02-09 23:28:03.286000,ETHUSDT,2106.8,76.616,2106.9,6.561,0.09999999999990905,2106.8500000000004
1770679684288,2026-02-09 23:28:04.288000,BTCUSDT,70269.7,2.601,70269.8,1.554,0.10000000000582077,70269.75
1770679684288,2026-02-09 23:28:04.288000,ETHUSDT,2107.1,103.223,2107.2,6.456,0.09999999999990905,2107.1499999999996
1770679685293,2026-02-09 23:28:05.293000,BTCUSDT,70269.7,2.601,70269.8,1.554,0.10000000000582077,70269.75
1770679685293,2026-02-09 23:28:05.293000,ETHUSDT,2107.3,55.811,2107.4,10.997,0.09999999999990905,2107.3500000000004
1770679686299,2026-02-09 23:28:06.299000,BTCUSDT,70269.7,5.649,70269.8,0.163,0.10000000000582077,70269.75
1770679686299,2026-02-09 23:28:06.299000,ETHUSDT,2107.3,119.386,2107.4,2.347,0.09999999999990905,2107.3500000000004
1770679687300,2026-02-09 23:28:07.300000,BTCUSDT,70269.7,5.759,70269.8,0.132,0.10000000000582077,70269.75
1770679687300,2026-02-09 23:28:07.300000,ETHUSDT,2107.3,119.386,2107.4,2.679,0.09999999999990905,2107.3500000000004
1770679688304,2026-02-09 23:28:08.304000,BTCUSDT,70272.6,5.408,70272.7,0.002,0.09999999999126885,70272.65
1770679688304,2026-02-09 23:28:08.304000,ETHUSDT,2107.3,118.638,2107.4,5.303,0.09999999999990905,2107.3500000000004
1770679689310,2026-02-09 23:28:09.310000,BTCUSDT,70272.6,5.133,70272.7,0.019,0.09999999999126885,70272.65
1770679689310,2026-02-09 23:28:09.310000,ETHUSDT,2107.2,0.959,2107.3,100.187,0.1000000000003638,2107.25
1770679690315,2026-02-09 23:28:10.315000,BTCUSDT,70272.6,2.223,70272.7,0.171,0.09999999999126885,70272.65
1770679690315,2026-02-09 23:28:10.315000,ETHUSDT,2107.2,15.545,2107.3,52.063,0.1000000000003638,2107.25
1770679691320,2026-02-09 23:28:11.320000,BTCUSDT,70272.6,3.764,70272.7,0.106,0.09999999999126885,70272.65
1770679691320,2026-02-09 23:28:11.320000,ETHUSDT,2107.2,40.005,2107.3,21.312,0.1000000000003638,2107.25
1770679692326,2026-02-09 23:28:12.326000,BTCUSDT,70272.6,2.315,70272.7,0.117,0.09999999999126885,70272.65
1770679692326,2026-02-09 23:28:12.326000,ETHUSDT,2107.2,39.497,2107.3,24.819,0.1000000000003638,2107.25
1770679693331,2026-02-09 23:28:13.331000,BTCUSDT,70272.6,3.738,70272.7,0.115,0.09999999999126885,70272.65
1770679693331,2026-02-09 23:28:13.331000,ETHUSDT,2107.2,25.271,2107.3,25.329,0.1000000000003638,2107.25
1770679694338,2026-02-09 23:28:14.338000,BTCUSDT,70272.6,3.738,70272.7,0.115,0.09999999999126885,70272.65
1770679694338,2026-02-09 23:28:14.338000,ETHUSDT,2107.2,31.169,2107.3,24.409,0.1000000000003638,2107.25
1770679695344,2026-02-09 23:28:15.344000,BTCUSDT,70272.6,3.738,70272.7,0.115,0.09999999999126885,70272.65
1770679695344,2026-02-09 23:28:15.344000,ETHUSDT,2107.2,40.001,2107.3,21.806,0.1000000000003638,2107.25
1770679696345,2026-02-09 23:28:16.345000,BTCUSDT,70281.8,3.374,70281.9,0.106,0.09999999999126885,70281.85
1770679696345,2026-02-09 23:28:16.345000,ETHUSDT,2107.5,1.987,2107.6,24.401,0.09999999999990905,2107.55
1770679697348,2026-02-09 23:28:17.348000,BTCUSDT,70281.8,3.402,70281.9,0.116,0.09999999999126885,70281.85
1770679697348,2026-02-09 23:28:17.348000,ETHUSDT,2107.5,1.66,2107.6,24.401,0.09999999999990905,2107.55
1770679698350,2026-02-09 23:28:18.350000,BTCUSDT,70281.8,3.404,70281.9,0.116,0.09999999999126885,70281.85
1770679698350,2026-02-09 23:28:18.350000,ETHUSDT,2107.5,1.656,2107.6,50.926,0.09999999999990905,2107.55
1770679699353,2026-02-09 23:28:19.353000,BTCUSDT,70281.8,2.731,70281.9,0.412,0.09999999999126885,70281.85
1770679699353,2026-02-09 23:28:19.353000,ETHUSDT,2107.3,5.279,2107.4,14.867,0.09999999999990905,2107.3500000000004
1770679700356,2026-02-09 23:28:20.356000,BTCUSDT,70281.8,2.731,70281.9,0.412,0.09999999999126885,70281.85
1770679700356,2026-02-09 23:28:20.356000,ETHUSDT,2107.3,5.279,2107.4,27.108,0.09999999999990905,2107.3500000000004
1770679701362,2026-02-09 23:28:21.362000,BTCUSDT,70281.8,2.731,70281.9,0.412,0.09999999999126885,70281.85
1770679701362,2026-02-09 23:28:21.362000,ETHUSDT,2107.3,5.279,2107.4,27.108,0.09999999999990905,2107.3500000000004
1770679702367,2026-02-09 23:28:22.367000,BTCUSDT,70281.8,2.731,70281.9,0.412,0.09999999999126885,70281.85
1770679702367,2026-02-09 23:28:22.367000,ETHUSDT,2107.3,5.279,2107.4,27.108,0.09999999999990905,2107.3500000000004
1770679703370,2026-02-09 23:28:23.370000,BTCUSDT,70276.0,2.395,70276.1,1.391,0.10000000000582077,70276.05
1770679703370,2026-02-09 23:28:23.370000,ETHUSDT,2107.4,79.382,2107.5,5.45,0.09999999999990905,2107.45
1770679704376,2026-02-09 23:28:24.376000,BTCUSDT,70277.5,2.35,70277.6,1.591,0.10000000000582077,70277.55
1770679704376,2026-02-09 23:28:24.376000,ETHUSDT,2107.4,103.107,2107.5,5.45,0.09999999999990905,2107.45
1770679705382,2026-02-09 23:28:25.382000,BTCUSDT,70277.5,2.357,70277.6,1.832,0.10000000000582077,70277.55
1770679705382,2026-02-09 23:28:25.382000,ETHUSDT,2107.4,79.382,2107.5,5.454,0.09999999999990905,2107.45
1770679706385,2026-02-09 23:28:26.385000,BTCUSDT,70277.5,2.355,70277.6,1.831,0.10000000000582077,70277.55
1770679706385,2026-02-09 23:28:26.385000,ETHUSDT,2107.4,79.382,2107.5,5.454,0.09999999999990905,2107.45
1770679707390,2026-02-09 23:28:27.390000,BTCUSDT,70277.5,1.022,70277.6,4.532,0.10000000000582077,70277.55
1770679707390,2026-02-09 23:28:27.390000,ETHUSDT,2107.1,30.429,2107.2,22.551,0.09999999999990905,2107.1499999999996
1770679708395,2026-02-09 23:28:28.395000,BTCUSDT,70277.5,1.297,70277.6,4.532,0.10000000000582077,70277.55
1770679708395,2026-02-09 23:28:28.395000,ETHUSDT,2107.1,44.759,2107.2,14.248,0.09999999999990905,2107.1499999999996
1770679709397,2026-02-09 23:28:29.397000,BTCUSDT,70277.5,1.94,70277.6,3.889,0.10000000000582077,70277.55
1770679709397,2026-02-09 23:28:29.397000,ETHUSDT,2107.2,113.459,2107.3,10.944,0.1000000000003638,2107.25
1770679710402,2026-02-09 23:28:30.402000,BTCUSDT,70277.5,1.97,70277.6,3.889,0.10000000000582077,70277.55
1770679710402,2026-02-09 23:28:30.402000,ETHUSDT,2107.2,113.171,2107.3,19.452,0.1000000000003638,2107.25
1770679711405,2026-02-09 23:28:31.405000,BTCUSDT,70277.5,1.97,70277.6,3.889,0.10000000000582077,70277.55
1770679711405,2026-02-09 23:28:31.405000,ETHUSDT,2107.2,112.001,2107.3,20.199,0.1000000000003638,2107.25
1770679712406,2026-02-09 23:28:32.406000,BTCUSDT,70277.5,1.97,70277.6,3.889,0.10000000000582077,70277.55
1770679712406,2026-02-09 23:28:32.406000,ETHUSDT,2107.2,111.997,2107.3,20.195,0.1000000000003638,2107.25
1770679713410,2026-02-09 23:28:33.410000,BTCUSDT,70277.5,2.069,70277.6,3.889,0.10000000000582077,70277.55
1770679713410,2026-02-09 23:28:33.410000,ETHUSDT,2107.2,19.022,2107.3,21.345,0.1000000000003638,2107.25
1770679714416,2026-02-09 23:28:34.416000,BTCUSDT,70277.5,2.04,70277.6,3.889,0.10000000000582077,70277.55
1770679714416,2026-02-09 23:28:34.416000,ETHUSDT,2107.2,18.252,2107.3,21.345,0.1000000000003638,2107.25
1770679715419,2026-02-09 23:28:35.419000,BTCUSDT,70277.5,2.04,70277.6,3.889,0.10000000000582077,70277.55
1770679715419,2026-02-09 23:28:35.419000,ETHUSDT,2107.2,42.675,2107.3,21.349,0.1000000000003638,2107.25
1770679716424,2026-02-09 23:28:36.424000,BTCUSDT,70269.7,1.436,70269.8,3.977,0.10000000000582077,70269.75
1770679716424,2026-02-09 23:28:36.424000,ETHUSDT,2107.2,6.329,2107.3,28.82,0.1000000000003638,2107.25
1770679717429,2026-02-09 23:28:37.429000,BTCUSDT,70269.7,1.488,70269.8,0.762,0.10000000000582077,70269.75
1770679717429,2026-02-09 23:28:37.429000,ETHUSDT,2107.2,6.367,2107.3,28.816,0.1000000000003638,2107.25
1770679718436,2026-02-09 23:28:38.436000,BTCUSDT,70269.7,1.464,70269.8,2.188,0.10000000000582077,70269.75
1770679718436,2026-02-09 23:28:38.436000,ETHUSDT,2107.2,0.017,2107.3,118.229,0.1000000000003638,2107.25
1770679719442,2026-02-09 23:28:39.442000,BTCUSDT,70276.4,0.645,70276.5,6.684,0.10000000000582077,70276.45
1770679719442,2026-02-09 23:28:39.442000,ETHUSDT,2107.2,8.399,2107.3,53.9,0.1000000000003638,2107.25
1770679720447,2026-02-09 23:28:40.447000,BTCUSDT,70276.4,0.645,70276.5,8.043,0.10000000000582077,70276.45
1770679720447,2026-02-09 23:28:40.447000,ETHUSDT,2107.2,107.407,2107.3,7.151,0.1000000000003638,2107.25
1770679721449,2026-02-09 23:28:41.449000,BTCUSDT,70276.4,0.645,70276.5,8.043,0.10000000000582077,70276.45
1770679721449,2026-02-09 23:28:41.449000,ETHUSDT,2107.2,38.037,2107.3,7.459,0.1000000000003638,2107.25
1770679722450,2026-02-09 23:28:42.450000,BTCUSDT,70276.4,0.645,70276.5,8.043,0.10000000000582077,70276.45
1770679722450,2026-02-09 23:28:42.450000,ETHUSDT,2107.2,38.032,2107.3,7.455,0.1000000000003638,2107.25
1770679723456,2026-02-09 23:28:43.456000,BTCUSDT,70276.4,0.645,70276.5,8.043,0.10000000000582077,70276.45
1770679723456,2026-02-09 23:28:43.456000,ETHUSDT,2107.2,38.032,2107.3,7.455,0.1000000000003638,2107.25
1770679724459,2026-02-09 23:28:44.459000,BTCUSDT,70276.4,0.645,70276.5,8.043,0.10000000000582077,70276.45
1770679724459,2026-02-09 23:28:44.459000,ETHUSDT,2107.2,41.402,2107.3,7.455,0.1000000000003638,2107.25
1770679725464,2026-02-09 23:28:45.464000,BTCUSDT,70276.4,0.645,70276.5,8.042,0.10000000000582077,70276.45
1770679725464,2026-02-09 23:28:45.464000,ETHUSDT,2107.2,14.088,2107.3,22.216,0.1000000000003638,2107.25
1770679726467,2026-02-09 23:28:46.467000,BTCUSDT,70276.4,0.645,70276.5,8.042,0.10000000000582077,70276.45
1770679726467,2026-02-09 23:28:46.467000,ETHUSDT,2107.2,14.762,2107.3,21.457,0.1000000000003638,2107.25
1770679727468,2026-02-09 23:28:47.468000,BTCUSDT,70263.1,1.049,70263.2,2.616,0.09999999999126885,70263.15
1770679727468,2026-02-09 23:28:47.468000,ETHUSDT,2106.9,25.52,2107.0,15.333,0.09999999999990905,2106.95
1770679728470,2026-02-09 23:28:48.470000,BTCUSDT,70263.1,1.291,70263.2,7.554,0.09999999999126885,70263.15
1770679728470,2026-02-09 23:28:48.470000,ETHUSDT,2107.2,41.229,2107.3,73.799,0.1000000000003638,2107.25
1770679729476,2026-02-09 23:28:49.476000,BTCUSDT,70263.1,2.802,70263.2,2.187,0.09999999999126885,70263.15
1770679729476,2026-02-09 23:28:49.476000,ETHUSDT,2107.1,24.471,2107.3,77.332,0.20000000000027285,2107.2
1770679730484,2026-02-09 23:28:50.484000,BTCUSDT,70263.1,2.802,70263.2,2.187,0.09999999999126885,70263.15
1770679730484,2026-02-09 23:28:50.484000,ETHUSDT,2107.1,23.769,2107.2,53.124,0.09999999999990905,2107.1499999999996
1770679731489,2026-02-09 23:28:51.489000,BTCUSDT,70263.1,2.802,70263.2,2.187,0.09999999999126885,70263.15
1770679731489,2026-02-09 23:28:51.489000,ETHUSDT,2107.1,26.866,2107.2,46.281,0.09999999999990905,2107.1499999999996
1770679732494,2026-02-09 23:28:52.494000,BTCUSDT,70264.2,2.339,70264.3,0.017,0.10000000000582077,70264.25
1770679732494,2026-02-09 23:28:52.494000,ETHUSDT,2107.1,24.036,2107.2,22.549,0.09999999999990905,2107.1499999999996
1770679733501,2026-02-09 23:28:53.501000,BTCUSDT,70264.2,2.265,70264.3,1.44,0.10000000000582077,70264.25
1770679733501,2026-02-09 23:28:53.501000,ETHUSDT,2107.1,25.566,2107.2,47.141,0.09999999999990905,2107.1499999999996
1770679734506,2026-02-09 23:28:54.506000,BTCUSDT,70264.2,1.77,70264.3,2.426,0.10000000000582077,70264.25
1770679734506,2026-02-09 23:28:54.506000,ETHUSDT,2107.1,0.004,2107.2,49.743,0.09999999999990905,2107.1499999999996
1770679735511,2026-02-09 23:28:55.511000,BTCUSDT,70264.2,0.877,70264.3,3.069,0.10000000000582077,70264.25
1770679735511,2026-02-09 23:28:55.511000,ETHUSDT,2107.0,0.773,2107.1,106.809,0.09999999999990905,2107.05
1770679736514,2026-02-09 23:28:56.514000,BTCUSDT,70264.2,0.377,70264.3,4.774,0.10000000000582077,70264.25
1770679736514,2026-02-09 23:28:56.514000,ETHUSDT,2107.0,0.007,2107.1,106.023,0.09999999999990905,2107.05
1770679737520,2026-02-09 23:28:57.520000,BTCUSDT,70257.4,1.052,70257.5,5.732,0.10000000000582077,70257.45
1770679737520,2026-02-09 23:28:57.520000,ETHUSDT,2106.8,12.636,2106.9,52.055,0.09999999999990905,2106.8500000000004
1770679738525,2026-02-09 23:28:58.525000,BTCUSDT,70257.4,1.215,70257.5,3.969,0.10000000000582077,70257.45
1770679738525,2026-02-09 23:28:58.525000,ETHUSDT,2106.7,113.91,2106.8,6.714,0.1000000000003638,2106.75
1770679739526,2026-02-09 23:28:59.526000,BTCUSDT,70257.4,1.492,70257.5,3.867,0.10000000000582077,70257.45
1770679739526,2026-02-09 23:28:59.526000,ETHUSDT,2106.8,44.712,2106.9,2.858,0.09999999999990905,2106.8500000000004
1770679740532,2026-02-09 23:29:00.532000,BTCUSDT,70267.9,1.805,70268.0,0.548,0.10000000000582077,70267.95
1770679740532,2026-02-09 23:29:00.532000,ETHUSDT,2106.8,123.906,2106.9,2.662,0.09999999999990905,2106.8500000000004
1770679741534,2026-02-09 23:29:01.534000,BTCUSDT,70267.9,1.807,70268.0,1.098,0.10000000000582077,70267.95
1770679741534,2026-02-09 23:29:01.534000,ETHUSDT,2106.8,56.641,2106.9,2.662,0.09999999999990905,2106.8500000000004
1770679742539,2026-02-09 23:29:02.539000,BTCUSDT,70279.7,0.376,70279.8,6.724,0.10000000000582077,70279.75
1770679742539,2026-02-09 23:29:02.539000,ETHUSDT,2107.3,7.669,2107.4,26.268,0.09999999999990905,2107.3500000000004
1770679743543,2026-02-09 23:29:03.543000,BTCUSDT,70279.7,0.376,70279.8,6.759,0.10000000000582077,70279.75
1770679743543,2026-02-09 23:29:03.543000,ETHUSDT,2107.3,49.68,2107.4,7.745,0.09999999999990905,2107.3500000000004
1770679744547,2026-02-09 23:29:04.547000,BTCUSDT,70279.7,1.044,70279.8,2.829,0.10000000000582077,70279.75
1770679744547,2026-02-09 23:29:04.547000,ETHUSDT,2107.7,24.356,2107.8,48.714,0.1000000000003638,2107.75
1770679745552,2026-02-09 23:29:05.552000,BTCUSDT,70279.7,0.276,70279.8,4.651,0.10000000000582077,70279.75
1770679745552,2026-02-09 23:29:05.552000,ETHUSDT,2107.7,4.82,2107.8,24.99,0.1000000000003638,2107.75
1770679746555,2026-02-09 23:29:06.555000,BTCUSDT,70279.7,0.276,70279.8,5.294,0.10000000000582077,70279.75
1770679746555,2026-02-09 23:29:06.555000,ETHUSDT,2107.5,29.477,2107.6,24.093,0.09999999999990905,2107.55
1770679747561,2026-02-09 23:29:07.561000,BTCUSDT,70273.9,1.133,70274.0,3.94,0.10000000000582077,70273.95
1770679747561,2026-02-09 23:29:07.561000,ETHUSDT,2107.4,5.934,2107.5,16.661,0.09999999999990905,2107.45
1770679748564,2026-02-09 23:29:08.564000,BTCUSDT,70273.9,1.501,70274.0,1.762,0.10000000000582077,70273.95
1770679748564,2026-02-09 23:29:08.564000,ETHUSDT,2107.4,53.633,2107.6,0.4,0.1999999999998181,2107.5
1770679749568,2026-02-09 23:29:09.568000,BTCUSDT,70273.9,1.425,70274.0,3.196,0.10000000000582077,70273.95
1770679749568,2026-02-09 23:29:09.568000,ETHUSDT,2107.5,122.348,2107.6,5.497,0.09999999999990905,2107.55
1770679750573,2026-02-09 23:29:10.573000,BTCUSDT,70273.9,1.425,70274.0,3.425,0.10000000000582077,70273.95
1770679750573,2026-02-09 23:29:10.573000,ETHUSDT,2107.5,122.348,2107.6,5.501,0.09999999999990905,2107.55
1770679751579,2026-02-09 23:29:11.579000,BTCUSDT,70283.5,2.285,70283.6,0.297,0.10000000000582077,70283.55
1770679751579,2026-02-09 23:29:11.579000,ETHUSDT,2108.2,25.466,2108.3,82.063,0.1000000000003638,2108.25
1770679752583,2026-02-09 23:29:12.583000,BTCUSDT,70283.5,2.034,70283.6,0.297,0.10000000000582077,70283.55
1770679752583,2026-02-09 23:29:12.583000,ETHUSDT,2108.2,1.75,2108.3,82.263,0.1000000000003638,2108.25
1770679753586,2026-02-09 23:29:13.586000,BTCUSDT,70288.5,1.876,70288.6,0.118,0.10000000000582077,70288.55
1770679753586,2026-02-09 23:29:13.586000,ETHUSDT,2108.2,1.75,2108.3,82.263,0.1000000000003638,2108.25
1770679754589,2026-02-09 23:29:14.589000,BTCUSDT,70282.2,1.066,70282.3,1.133,0.10000000000582077,70282.25
1770679754589,2026-02-09 23:29:14.589000,ETHUSDT,2107.7,29.548,2107.8,24.669,0.1000000000003638,2107.75
1770679755594,2026-02-09 23:29:15.594000,BTCUSDT,70282.2,1.091,70282.3,1.033,0.10000000000582077,70282.25
1770679755594,2026-02-09 23:29:15.594000,ETHUSDT,2107.7,48.025,2107.8,16.414,0.1000000000003638,2107.75
1770679756596,2026-02-09 23:29:16.596000,BTCUSDT,70282.2,1.358,70282.3,1.033,0.10000000000582077,70282.25
1770679756596,2026-02-09 23:29:16.596000,ETHUSDT,2107.7,110.887,2107.8,15.554,0.1000000000003638,2107.75
1770679757600,2026-02-09 23:29:17.600000,BTCUSDT,70268.7,2.863,70268.8,2.26,0.10000000000582077,70268.75
1770679757600,2026-02-09 23:29:17.600000,ETHUSDT,2107.3,69.343,2107.4,0.2,0.09999999999990905,2107.3500000000004
1770679758603,2026-02-09 23:29:18.603000,BTCUSDT,70268.7,0.272,70268.8,5.384,0.10000000000582077,70268.75
1770679758603,2026-02-09 23:29:18.603000,ETHUSDT,2106.6,60.9,2106.8,0.171,0.20000000000027285,2106.7
1770679759609,2026-02-09 23:29:19.609000,BTCUSDT,70252.5,1.065,70252.6,0.777,0.10000000000582077,70252.55
1770679759609,2026-02-09 23:29:19.609000,ETHUSDT,2106.4,14.389,2106.5,26.402,0.09999999999990905,2106.45
1770679760615,2026-02-09 23:29:20.615000,BTCUSDT,70244.4,0.372,70244.5,1.995,0.10000000000582077,70244.45
1770679760615,2026-02-09 23:29:20.615000,ETHUSDT,2105.9,16.544,2106.0,24.478,0.09999999999990905,2105.95
1770679761620,2026-02-09 23:29:21.620000,BTCUSDT,70238.6,2.776,70238.7,0.755,0.09999999999126885,70238.65
1770679761620,2026-02-09 23:29:21.620000,ETHUSDT,2105.9,0.1,2106.0,107.068,0.09999999999990905,2105.95
1770679762623,2026-02-09 23:29:22.623000,BTCUSDT,70238.6,2.893,70238.7,0.755,0.09999999999126885,70238.65
1770679762623,2026-02-09 23:29:22.623000,ETHUSDT,2105.9,0.296,2106.0,106.868,0.09999999999990905,2105.95
1770679763629,2026-02-09 23:29:23.629000,BTCUSDT,70239.1,3.993,70239.2,1.391,0.09999999999126885,70239.15
1770679763629,2026-02-09 23:29:23.629000,ETHUSDT,2105.9,62.292,2106.0,59.699,0.09999999999990905,2105.95
1770679764635,2026-02-09 23:29:24.635000,BTCUSDT,70239.1,3.993,70239.2,1.391,0.09999999999126885,70239.15
1770679764635,2026-02-09 23:29:24.635000,ETHUSDT,2105.9,62.292,2106.0,73.71,0.09999999999990905,2105.95
1770679765639,2026-02-09 23:29:25.639000,BTCUSDT,70251.8,2.305,70251.9,1.83,0.09999999999126885,70251.85
1770679765639,2026-02-09 23:29:25.639000,ETHUSDT,2106.3,107.488,2106.4,6.511,0.09999999999990905,2106.3500000000004
1770679766642,2026-02-09 23:29:26.642000,BTCUSDT,70251.8,2.309,70251.9,1.831,0.09999999999126885,70251.85
1770679766642,2026-02-09 23:29:26.642000,ETHUSDT,2106.3,105.567,2106.4,6.511,0.09999999999990905,2106.3500000000004
1770679767645,2026-02-09 23:29:27.645000,BTCUSDT,70234.8,1.009,70234.9,3.624,0.09999999999126885,70234.85
1770679767645,2026-02-09 23:29:27.645000,ETHUSDT,2106.5,32.548,2106.6,9.747,0.09999999999990905,2106.55
1770679768648,2026-02-09 23:29:28.648000,BTCUSDT,70234.8,1.046,70234.9,5.017,0.09999999999126885,70234.85
1770679768648,2026-02-09 23:29:28.648000,ETHUSDT,2106.5,78.575,2106.6,2.37,0.09999999999990905,2106.55
1770679769654,2026-02-09 23:29:29.654000,BTCUSDT,70234.8,0.26,70234.9,6.108,0.09999999999126885,70234.85
1770679769654,2026-02-09 23:29:29.654000,ETHUSDT,2106.4,48.053,2106.5,9.799,0.09999999999990905,2106.45
1770679770660,2026-02-09 23:29:30.660000,BTCUSDT,70234.8,0.26,70234.9,6.112,0.09999999999126885,70234.85
1770679770660,2026-02-09 23:29:30.660000,ETHUSDT,2106.4,95.88,2106.5,32.318,0.09999999999990905,2106.45
1770679771666,2026-02-09 23:29:31.666000,BTCUSDT,70229.8,0.004,70229.9,4.34,0.09999999999126885,70229.85
1770679771666,2026-02-09 23:29:31.666000,ETHUSDT,2106.2,9.607,2106.3,108.179,0.1000000000003638,2106.25
1770679772672,2026-02-09 23:29:32.672000,BTCUSDT,70229.8,0.002,70229.9,7.05,0.09999999999126885,70229.85
1770679772672,2026-02-09 23:29:32.672000,ETHUSDT,2106.2,4.816,2106.3,25.679,0.1000000000003638,2106.25
1770679773676,2026-02-09 23:29:33.676000,BTCUSDT,70229.8,1.128,70229.9,3.784,0.09999999999126885,70229.85
1770679773676,2026-02-09 23:29:33.676000,ETHUSDT,2106.7,114.886,2106.8,28.182,0.1000000000003638,2106.75
1770679774681,2026-02-09 23:29:34.681000,BTCUSDT,70229.8,1.128,70229.9,2.361,0.09999999999126885,70229.85
1770679774681,2026-02-09 23:29:34.681000,ETHUSDT,2106.7,69.956,2106.8,36.353,0.1000000000003638,2106.75
1770679775684,2026-02-09 23:29:35.684000,BTCUSDT,70229.8,0.354,70229.9,3.896,0.09999999999126885,70229.85
1770679775684,2026-02-09 23:29:35.684000,ETHUSDT,2106.7,1.075,2106.8,59.062,0.1000000000003638,2106.75
1770679776690,2026-02-09 23:29:36.690000,BTCUSDT,70237.4,4.45,70237.5,0.278,0.10000000000582077,70237.45
1770679776690,2026-02-09 23:29:36.690000,ETHUSDT,2106.9,199.266,2107.0,0.23,0.09999999999990905,2106.95
1770679777695,2026-02-09 23:29:37.695000,BTCUSDT,70239.6,2.598,70239.7,0.199,0.09999999999126885,70239.65
1770679777695,2026-02-09 23:29:37.695000,ETHUSDT,2107.1,63.889,2107.2,11.153,0.09999999999990905,2107.1499999999996
1770679778698,2026-02-09 23:29:38.698000,BTCUSDT,70239.6,1.868,70239.7,0.893,0.09999999999126885,70239.65
1770679778698,2026-02-09 23:29:38.698000,ETHUSDT,2107.0,0.416,2107.1,18.798,0.09999999999990905,2107.05
1770679779704,2026-02-09 23:29:39.704000,BTCUSDT,70243.6,2.291,70243.7,1.021,0.09999999999126885,70243.65
1770679779704,2026-02-09 23:29:39.704000,ETHUSDT,2107.1,165.773,2107.2,5.386,0.09999999999990905,2107.1499999999996
1770679780722,2026-02-09 23:29:40.722000,BTCUSDT,70246.3,1.982,70246.4,1.781,0.09999999999126885,70246.35
1770679780722,2026-02-09 23:29:40.722000,ETHUSDT,2107.1,165.773,2107.2,2.762,0.09999999999990905,2107.1499999999996
1770679781727,2026-02-09 23:29:41.727000,BTCUSDT,70246.3,1.982,70246.4,1.892,0.09999999999126885,70246.35
1770679781727,2026-02-09 23:29:41.727000,ETHUSDT,2107.1,165.773,2107.2,5.386,0.09999999999990905,2107.1499999999996
1770679782731,2026-02-09 23:29:42.731000,BTCUSDT,70246.3,1.236,70246.4,2.786,0.09999999999126885,70246.35
1770679782731,2026-02-09 23:29:42.731000,ETHUSDT,2106.9,6.317,2107.0,23.783,0.09999999999990905,2106.95
1770679783738,2026-02-09 23:29:43.738000,BTCUSDT,70246.3,0.976,70246.4,2.786,0.09999999999126885,70246.35
1770679783738,2026-02-09 23:29:43.738000,ETHUSDT,2106.8,46.426,2106.9,28.674,0.09999999999990905,2106.8500000000004
1770679784741,2026-02-09 23:29:44.741000,BTCUSDT,70246.3,0.928,70246.4,2.786,0.09999999999126885,70246.35
1770679784741,2026-02-09 23:29:44.741000,ETHUSDT,2106.8,46.426,2106.9,28.431,0.09999999999990905,2106.8500000000004
1770679785746,2026-02-09 23:29:45.746000,BTCUSDT,70246.3,1.91,70246.4,1.793,0.09999999999126885,70246.35
1770679785746,2026-02-09 23:29:45.746000,ETHUSDT,2107.3,101.725,2107.4,5.631,0.09999999999990905,2107.3500000000004
1770679786748,2026-02-09 23:29:46.748000,BTCUSDT,70246.3,2.031,70246.4,1.75,0.09999999999126885,70246.35
1770679786748,2026-02-09 23:29:46.748000,ETHUSDT,2107.6,1.275,2107.7,48.33,0.09999999999990905,2107.6499999999996
1770679787753,2026-02-09 23:29:47.753000,BTCUSDT,70246.3,1.958,70246.4,1.758,0.09999999999126885,70246.35
1770679787753,2026-02-09 23:29:47.753000,ETHUSDT,2107.6,1.075,2107.7,57.399,0.09999999999990905,2107.6499999999996
1770679788760,2026-02-09 23:29:48.760000,BTCUSDT,70252.5,2.452,70252.6,0.101,0.10000000000582077,70252.55
1770679788760,2026-02-09 23:29:48.760000,ETHUSDT,2108.1,68.429,2108.2,21.91,0.09999999999990905,2108.1499999999996
1770679789764,2026-02-09 23:29:49.764000,BTCUSDT,70258.4,1.842,70258.5,3.088,0.10000000000582077,70258.45
1770679789764,2026-02-09 23:29:49.764000,ETHUSDT,2108.1,77.234,2108.2,15.053,0.09999999999990905,2108.1499999999996
1770679790770,2026-02-09 23:29:50.770000,BTCUSDT,70258.4,1.914,70258.5,2.9,0.10000000000582077,70258.45
1770679790770,2026-02-09 23:29:50.770000,ETHUSDT,2108.0,43.775,2108.1,5.582,0.09999999999990905,2108.05
1770679791776,2026-02-09 23:29:51.776000,BTCUSDT,70258.4,0.267,70258.5,7.085,0.10000000000582077,70258.45
1770679791776,2026-02-09 23:29:51.776000,ETHUSDT,2107.9,52.208,2108.0,112.158,0.09999999999990905,2107.95
1770679792781,2026-02-09 23:29:52.781000,BTCUSDT,70258.4,0.267,70258.5,7.084,0.10000000000582077,70258.45
1770679792781,2026-02-09 23:29:52.781000,ETHUSDT,2107.9,52.204,2108.0,113.632,0.09999999999990905,2107.95
1770679793786,2026-02-09 23:29:53.786000,BTCUSDT,70258.4,1.474,70258.5,0.871,0.10000000000582077,70258.45
1770679793786,2026-02-09 23:29:53.786000,ETHUSDT,2108.5,81.87,2108.6,9.227,0.09999999999990905,2108.55
1770679794787,2026-02-09 23:29:54.787000,BTCUSDT,70265.8,1.153,70265.9,0.02,0.09999999999126885,70265.85
1770679794787,2026-02-09 23:29:54.787000,ETHUSDT,2108.7,143.671,2108.8,11.178,0.1000000000003638,2108.75
1770679795793,2026-02-09 23:29:55.793000,BTCUSDT,70258.9,0.259,70259.0,6.454,0.10000000000582077,70258.95
1770679795793,2026-02-09 23:29:55.793000,ETHUSDT,2108.2,4.785,2108.3,23.644,0.1000000000003638,2108.25
1770679796799,2026-02-09 23:29:56.799000,BTCUSDT,70258.9,0.258,70259.0,6.463,0.10000000000582077,70258.95
1770679796799,2026-02-09 23:29:56.799000,ETHUSDT,2108.2,4.821,2108.3,26.255,0.1000000000003638,2108.25
1770679797805,2026-02-09 23:29:57.805000,BTCUSDT,70258.9,0.258,70259.0,6.463,0.10000000000582077,70258.95
1770679797805,2026-02-09 23:29:57.805000,ETHUSDT,2108.2,4.817,2108.3,25.289,0.1000000000003638,2108.25
1770679798810,2026-02-09 23:29:58.810000,BTCUSDT,70258.9,0.258,70259.0,6.463,0.10000000000582077,70258.95
1770679798810,2026-02-09 23:29:58.810000,ETHUSDT,2108.0,4.813,2108.1,28.093,0.09999999999990905,2108.05
1770679799817,2026-02-09 23:29:59.817000,BTCUSDT,70246.3,0.399,70246.4,2.222,0.09999999999126885,70246.35
1770679799817,2026-02-09 23:29:59.817000,ETHUSDT,2107.6,4.815,2107.7,34.575,0.09999999999990905,2107.6499999999996
1770679800820,2026-02-09 23:30:00.820000,BTCUSDT,70246.3,1.042,70246.4,2.235,0.09999999999126885,70246.35
1770679800820,2026-02-09 23:30:00.820000,ETHUSDT,2107.6,4.779,2107.7,70.531,0.09999999999990905,2107.6499999999996
1770679801827,2026-02-09 23:30:01.827000,BTCUSDT,70255.3,6.117,70255.4,0.001,0.09999999999126885,70255.35
1770679801827,2026-02-09 23:30:01.827000,ETHUSDT,2108.6,63.412,2108.7,18.239,0.09999999999990905,2108.6499999999996
1770679802834,2026-02-09 23:30:02.834000,BTCUSDT,70247.8,1.37,70247.9,3.618,0.09999999999126885,70247.85
1770679802834,2026-02-09 23:30:02.834000,ETHUSDT,2108.4,89.17,2108.5,11.403,0.09999999999990905,2108.45
1770679803839,2026-02-09 23:30:03.839000,BTCUSDT,70247.8,1.395,70247.9,3.618,0.09999999999126885,70247.85
1770679803839,2026-02-09 23:30:03.839000,ETHUSDT,2108.4,89.298,2108.5,25.735,0.09999999999990905,2108.45
1770679804841,2026-02-09 23:30:04.841000,BTCUSDT,70247.8,1.394,70247.9,3.618,0.09999999999126885,70247.85
1770679804841,2026-02-09 23:30:04.841000,ETHUSDT,2108.4,89.586,2108.5,44.161,0.09999999999990905,2108.45
1770679805845,2026-02-09 23:30:05.845000,BTCUSDT,70247.8,1.398,70247.9,3.618,0.09999999999126885,70247.85
1770679805845,2026-02-09 23:30:05.845000,ETHUSDT,2108.4,89.586,2108.5,16.169,0.09999999999990905,2108.45
1770679806849,2026-02-09 23:30:06.849000,BTCUSDT,70247.8,1.446,70247.9,3.618,0.09999999999126885,70247.85
1770679806849,2026-02-09 23:30:06.849000,ETHUSDT,2108.4,57.169,2108.5,0.004,0.09999999999990905,2108.45
1770679807855,2026-02-09 23:30:07.855000,BTCUSDT,70268.4,1.612,70268.5,0.368,0.10000000000582077,70268.45
1770679807855,2026-02-09 23:30:07.855000,ETHUSDT,2108.9,131.488,2109.0,5.364,0.09999999999990905,2108.95
1770679808861,2026-02-09 23:30:08.861000,BTCUSDT,70262.4,0.994,70262.5,1.058,0.10000000000582077,70262.45
1770679808861,2026-02-09 23:30:08.861000,ETHUSDT,2108.7,5.347,2108.8,107.61,0.1000000000003638,2108.75
1770679809866,2026-02-09 23:30:09.866000,BTCUSDT,70262.4,1.019,70262.5,0.811,0.10000000000582077,70262.45
1770679809866,2026-02-09 23:30:09.866000,ETHUSDT,2108.6,92.418,2108.7,2.828,0.09999999999990905,2108.6499999999996
1770679810869,2026-02-09 23:30:10.869000,BTCUSDT,70262.4,1.342,70262.5,0.811,0.10000000000582077,70262.45
1770679810869,2026-02-09 23:30:10.869000,ETHUSDT,2108.7,102.042,2108.8,6.332,0.1000000000003638,2108.75
1770679811872,2026-02-09 23:30:11.872000,BTCUSDT,70262.4,1.39,70262.5,3.758,0.10000000000582077,70262.45
1770679811872,2026-02-09 23:30:11.872000,ETHUSDT,2108.7,101.754,2108.8,6.332,0.1000000000003638,2108.75
1770679812878,2026-02-09 23:30:12.878000,BTCUSDT,70262.4,1.066,70262.5,4.247,0.10000000000582077,70262.45
1770679812878,2026-02-09 23:30:12.878000,ETHUSDT,2108.5,23.713,2108.6,116.213,0.09999999999990905,2108.55
1770679813882,2026-02-09 23:30:13.882000,BTCUSDT,70262.4,1.075,70262.5,4.245,0.10000000000582077,70262.45
1770679813882,2026-02-09 23:30:13.882000,ETHUSDT,2108.5,23.813,2108.6,81.559,0.09999999999990905,2108.55
1770679814888,2026-02-09 23:30:14.888000,BTCUSDT,70262.4,0.902,70262.5,6.686,0.10000000000582077,70262.45
1770679814888,2026-02-09 23:30:14.888000,ETHUSDT,2108.5,23.813,2108.6,76.338,0.09999999999990905,2108.55
1770679815894,2026-02-09 23:30:15.894000,BTCUSDT,70262.4,1.043,70262.5,4.619,0.10000000000582077,70262.45
1770679815894,2026-02-09 23:30:15.894000,ETHUSDT,2108.5,37.839,2108.6,60.858,0.09999999999990905,2108.55
1770679816900,2026-02-09 23:30:16.900000,BTCUSDT,70260.1,1.051,70260.2,2.889,0.09999999999126885,70260.15
1770679816900,2026-02-09 23:30:16.900000,ETHUSDT,2108.4,32.743,2108.5,22.858,0.09999999999990905,2108.45
1770679817906,2026-02-09 23:30:17.906000,BTCUSDT,70260.1,0.422,70260.2,4.113,0.09999999999126885,70260.15
1770679817906,2026-02-09 23:30:17.906000,ETHUSDT,2108.4,23.75,2108.5,27.387,0.09999999999990905,2108.45
1770679818912,2026-02-09 23:30:18.912000,BTCUSDT,70254.9,1.168,70255.0,5.351,0.10000000000582077,70254.95
1770679818912,2026-02-09 23:30:18.912000,ETHUSDT,2107.8,23.853,2107.9,48.039,0.09999999999990905,2107.8500000000004
1770679819918,2026-02-09 23:30:19.918000,BTCUSDT,70254.9,0.666,70255.0,2.476,0.10000000000582077,70254.95
1770679819918,2026-02-09 23:30:19.918000,ETHUSDT,2107.2,10.291,2107.3,18.063,0.1000000000003638,2107.25
1770679820924,2026-02-09 23:30:20.924000,BTCUSDT,70235.9,0.854,70236.0,2.581,0.10000000000582077,70235.95
1770679820924,2026-02-09 23:30:20.924000,ETHUSDT,2107.0,0.012,2107.1,180.088,0.09999999999990905,2107.05
1770679821926,2026-02-09 23:30:21.926000,BTCUSDT,70235.9,1.544,70236.0,1.948,0.10000000000582077,70235.95
1770679821926,2026-02-09 23:30:21.926000,ETHUSDT,2106.3,77.242,2106.4,5.642,0.09999999999990905,2106.3500000000004
1770679822930,2026-02-09 23:30:22.930000,BTCUSDT,70235.9,1.544,70236.0,1.948,0.10000000000582077,70235.95
1770679822930,2026-02-09 23:30:22.930000,ETHUSDT,2106.3,0.382,2106.4,83.319,0.09999999999990905,2106.3500000000004
1770679823936,2026-02-09 23:30:23.936000,BTCUSDT,70236.4,2.129,70236.5,2.878,0.10000000000582077,70236.45
1770679823936,2026-02-09 23:30:23.936000,ETHUSDT,2106.4,122.814,2106.5,11.051,0.09999999999990905,2106.45
1770679824942,2026-02-09 23:30:24.942000,BTCUSDT,70236.4,2.184,70236.5,2.882,0.10000000000582077,70236.45
1770679824942,2026-02-09 23:30:24.942000,ETHUSDT,2106.4,123.014,2106.5,8.325,0.09999999999990905,2106.45
1770679825947,2026-02-09 23:30:25.947000,BTCUSDT,70236.4,2.184,70236.5,2.871,0.10000000000582077,70236.45
1770679825947,2026-02-09 23:30:25.947000,ETHUSDT,2106.4,123.014,2106.5,8.722,0.09999999999990905,2106.45
1770679826953,2026-02-09 23:30:26.953000,BTCUSDT,70236.4,2.176,70236.5,2.882,0.10000000000582077,70236.45
1770679826953,2026-02-09 23:30:26.953000,ETHUSDT,2106.4,123.014,2106.5,8.722,0.09999999999990905,2106.45
1770679827959,2026-02-09 23:30:27.959000,BTCUSDT,70236.4,2.592,70236.5,2.739,0.10000000000582077,70236.45
1770679827959,2026-02-09 23:30:27.959000,ETHUSDT,2106.5,21.26,2106.6,11.453,0.09999999999990905,2106.55
1770679828965,2026-02-09 23:30:28.965000,BTCUSDT,70236.4,2.518,70236.5,2.73,0.10000000000582077,70236.45
1770679828965,2026-02-09 23:30:28.965000,ETHUSDT,2106.9,0.789,2107.0,77.319,0.09999999999990905,2106.95
1770679829972,2026-02-09 23:30:29.972000,BTCUSDT,70244.4,1.722,70244.5,2.154,0.10000000000582077,70244.45
1770679829972,2026-02-09 23:30:29.972000,ETHUSDT,2106.9,77.628,2107.0,31.672,0.09999999999990905,2106.95
1770679830975,2026-02-09 23:30:30.975000,BTCUSDT,70246.9,2.002,70247.0,0.583,0.10000000000582077,70246.95
1770679830975,2026-02-09 23:30:30.975000,ETHUSDT,2106.9,134.257,2107.0,0.004,0.09999999999990905,2106.95
1770679831981,2026-02-09 23:30:31.981000,BTCUSDT,70246.9,1.993,70247.0,0.695,0.10000000000582077,70246.95
1770679831981,2026-02-09 23:30:31.981000,ETHUSDT,2106.9,133.342,2107.0,5.357,0.09999999999990905,2106.95
1770679832987,2026-02-09 23:30:32.987000,BTCUSDT,70246.9,2.015,70247.0,0.355,0.10000000000582077,70246.95
1770679832987,2026-02-09 23:30:32.987000,ETHUSDT,2106.9,133.716,2107.0,5.353,0.09999999999990905,2106.95
1770679833994,2026-02-09 23:30:33.994000,BTCUSDT,70246.9,0.743,70247.0,3.546,0.10000000000582077,70246.95
1770679833994,2026-02-09 23:30:33.994000,ETHUSDT,2106.8,77.703,2106.9,2.7,0.09999999999990905,2106.8500000000004
1770679834998,2026-02-09 23:30:34.998000,BTCUSDT,70241.0,1.075,70241.1,4.5,0.10000000000582077,70241.05
1770679834998,2026-02-09 23:30:34.998000,ETHUSDT,2106.7,0.103,2106.8,35.401,0.1000000000003638,2106.75
1770679836000,2026-02-09 23:30:36.000000,BTCUSDT,70241.0,1.149,70241.1,4.5,0.10000000000582077,70241.05
1770679836000,2026-02-09 23:30:36.000000,ETHUSDT,2106.7,0.103,2106.8,34.907,0.1000000000003638,2106.75
1770679837007,2026-02-09 23:30:37.007000,BTCUSDT,70240.7,1.221,70240.8,4.546,0.10000000000582077,70240.75
1770679837007,2026-02-09 23:30:37.007000,ETHUSDT,2106.7,0.188,2106.8,57.453,0.1000000000003638,2106.75
1770679838010,2026-02-09 23:30:38.010000,BTCUSDT,70240.7,0.479,70240.8,4.547,0.10000000000582077,70240.75
1770679838010,2026-02-09 23:30:38.010000,ETHUSDT,2106.7,14.889,2106.8,10.918,0.1000000000003638,2106.75
1770679839016,2026-02-09 23:30:39.016000,BTCUSDT,70240.7,0.479,70240.8,4.558,0.10000000000582077,70240.75
1770679839016,2026-02-09 23:30:39.016000,ETHUSDT,2106.7,24.117,2106.8,83.014,0.1000000000003638,2106.75
1770679840021,2026-02-09 23:30:40.021000,BTCUSDT,70240.7,1.811,70240.8,0.371,0.10000000000582077,70240.75
1770679840021,2026-02-09 23:30:40.021000,ETHUSDT,2107.1,136.908,2107.2,5.389,0.09999999999990905,2107.1499999999996
1770679841026,2026-02-09 23:30:41.026000,BTCUSDT,70240.7,1.669,70240.8,1.906,0.10000000000582077,70240.75
1770679841026,2026-02-09 23:30:41.026000,ETHUSDT,2107.3,0.296,2107.4,102.638,0.09999999999990905,2107.3500000000004
1770679842031,2026-02-09 23:30:42.031000,BTCUSDT,70240.7,1.152,70240.8,2.146,0.10000000000582077,70240.75
1770679842031,2026-02-09 23:30:42.031000,ETHUSDT,2107.1,6.114,2107.2,24.646,0.09999999999990905,2107.1499999999996
1770679843035,2026-02-09 23:30:43.035000,BTCUSDT,70240.7,1.122,70240.8,2.148,0.10000000000582077,70240.75
1770679843035,2026-02-09 23:30:43.035000,ETHUSDT,2107.1,5.914,2107.2,28.312,0.09999999999990905,2107.1499999999996
1770679844042,2026-02-09 23:30:44.042000,BTCUSDT,70242.9,2.295,70243.0,1.396,0.10000000000582077,70242.95
1770679844042,2026-02-09 23:30:44.042000,ETHUSDT,2107.1,24.365,2107.2,24.812,0.09999999999990905,2107.1499999999996
