ts_unix_ms,ts_dt_utc,symbol,bid1_px,bid2_px,bid3_px,bid4_px,bid5_px,bid1_qty,bid2_qty,bid3_qty,bid4_qty,bid5_qty,ask1_px,ask2_px,ask3_px,ask4_px,ask5_px,ask1_qty,ask2_qty,ask3_qty,ask4_qty,ask5_qty,obi5
1770679378923,2026-02-09 23:22:58.923000,BTCUSDT,,,,,,,,,,,,,,,,,,,,,
1770679378923,2026-02-09 23:22:58.923000,ETHUSDT,,,,,,,,,,,,,,,,,,,,,
1770679379924,2026-02-09 23:22:59.924000,BTCUSDT,,,,,,,,,,,,,,,,,,,,,
1770679379924,2026-02-09 23:22:59.924000,ETHUSDT,,,,,,,,,,,,,,,,,,,,,
1770679380925,2026-02-09 23:23:00.925000,BTCUSDT,70288.6,70285.0,70284.0,70283.3,70282.5,0.062,0.008,0.036,0.012,0.009,70288.7,70290.0,70291.0,70292.0,70293.6,2.963,3.556,0.006,1.705,1.39,-0.9739406997024724
1770679380925,2026-02-09 23:23:00.925000,ETHUSDT,2107.3,2107.1,2107.0,2106.9,2106.8,4.77,7.288,86.697,49.437,80.352,2107.4,2107.5,2107.6,2107.7,2107.8,30.768,72.807,101.417,0.236,19.122,0.009260445048951826
1770679381927,2026-02-09 23:23:01.927000,BTCUSDT,70288.6,70285.0,70284.0,70281.7,70280.8,0.004,0.008,0.036,0.006,0.002,70288.7,70288.8,70289.4,70289.5,70290.7,6.6,0.028,0.009,2.143,0.009,-0.987337478801583
1770679381927,2026-02-09 23:23:01.927000,ETHUSDT,2107.3,2107.2,2107.1,2107.0,2106.9,9.551,24.807,9.553,5.513,84.636,2107.4,2107.5,2107.6,2107.7,2107.8,78.547,0.504,121.845,9.987,68.384,-0.35131264108079074
1770679382932,2026-02-09 23:23:02.932000,BTCUSDT,70284.0,70282.8,70281.7,70275.7,70274.1,0.008,0.001,0.006,0.026,0.001,70284.1,70284.7,70284.8,70284.9,70285.1,7.652,0.009,0.004,2.134,1.617,-0.9926688776400768
1770679382932,2026-02-09 23:23:02.932000,ETHUSDT,2106.9,2106.8,2106.7,2106.6,2106.5,41.039,1.342,4.784,102.036,58.285,2107.0,2107.1,2107.2,2107.3,2107.4,102.264,0.5,0.4,35.59,72.251,-0.008408782984580395
1770679383933,2026-02-09 23:23:03.933000,BTCUSDT,70274.1,70272.5,70266.2,70264.9,70264.7,0.001,0.001,1.423,0.009,0.029,70274.2,70274.4,70274.5,70275.0,70278.4,6.508,0.663,0.101,2.134,0.509,-0.74283705396379
1770679383933,2026-02-09 23:23:03.933000,ETHUSDT,2106.7,2106.6,2106.5,2106.4,2106.3,88.152,0.269,67.317,81.3,115.165,2106.8,2106.9,2107.0,2107.1,2107.2,103.143,0.824,0.154,14.799,98.129,0.23742384743487957
1770679384937,2026-02-09 23:23:04.937000,BTCUSDT,70274.1,70272.5,70267.5,70267.3,70266.2,0.001,0.001,0.038,0.009,1.423,70274.2,70274.3,70274.4,70274.5,70274.7,6.484,0.009,0.039,0.11,0.028,-0.6384180790960453
1770679384937,2026-02-09 23:23:04.937000,ETHUSDT,2106.7,2106.6,2106.5,2106.4,2106.3,126.958,112.589,73.048,81.409,114.216,2106.8,2107.0,2107.1,2107.2,2107.3,56.041,23.73,5.926,3.319,36.244,0.604533686935657
1770679385941,2026-02-09 23:23:05.941000,BTCUSDT,70274.1,70272.8,70272.7,70272.5,70271.2,1.152,0.009,0.003,0.001,4.98,70274.2,70276.9,70277.2,70278.6,70279.9,0.639,0.009,0.003,0.101,0.009,0.7796119316536345
1770679385941,2026-02-09 23:23:05.941000,ETHUSDT,2107.0,2106.9,2106.8,2106.7,2106.6,61.298,35.597,0.154,130.434,77.569,2107.1,2107.2,2107.4,2107.5,2107.6,11.048,16.053,28.506,0.354,100.75,0.3212492122582364
1770679386946,2026-02-09 23:23:06.946000,BTCUSDT,70274.1,70273.7,70273.3,70272.5,70272.4,2.636,0.009,2.134,0.001,0.569,70274.2,70275.8,70276.9,70277.1,70277.2,1.391,0.199,0.009,0.009,0.009,0.5357450473729544
1770679386946,2026-02-09 23:23:06.946000,ETHUSDT,2107.0,2106.9,2106.8,2106.7,2106.6,66.579,100.932,77.621,129.485,77.569,2107.1,2107.2,2107.4,2107.5,2107.6,3.058,16.053,32.817,0.354,98.122,0.5008081780314974
1770679387949,2026-02-09 23:23:07.949000,BTCUSDT,70274.1,70273.7,70273.3,70272.5,70271.0,1.957,0.009,2.134,0.001,0.003,70274.2,70274.3,70275.7,70276.3,70278.6,0.689,1.431,0.009,1.39,0.3,0.03597122302158275
1770679387949,2026-02-09 23:23:07.949000,ETHUSDT,2107.0,2106.9,2106.8,2106.7,2106.6,41.39,36.097,4.101,129.285,77.569,2107.1,2107.2,2107.3,2107.4,2107.5,25.616,16.053,23.927,40.569,62.583,0.26180362650101713
1770679388953,2026-02-09 23:23:08.953000,BTCUSDT,70274.1,70274.0,70273.7,70273.3,70272.5,1.981,0.029,0.009,2.134,0.001,70274.2,70276.3,70278.5,70278.6,70280.1,0.646,1.39,0.009,0.3,0.009,0.276582667486171
1770679388953,2026-02-09 23:23:08.953000,ETHUSDT,2107.1,2107.0,2106.9,2106.8,2106.7,131.2,50.493,63.486,76.718,128.557,2107.2,2107.4,2107.5,2107.6,2107.7,18.677,28.94,4.449,63.191,45.142,0.47483600800847336
1770679389954,2026-02-09 23:23:09.954000,BTCUSDT,70283.7,70282.8,70279.1,70279.0,70278.8,0.629,0.009,0.101,0.001,0.002,70283.8,70284.0,70285.6,70285.7,70286.1,2.624,0.009,0.009,0.278,0.048,-0.6
1770679389954,2026-02-09 23:23:09.954000,ETHUSDT,2107.7,2107.6,2107.5,2107.4,2107.3,138.896,35.585,67.751,79.67,125.954,2107.8,2107.9,2108.0,2108.1,2108.2,6.612,23.72,42.573,14.945,107.659,0.39222991614402397
1770679390959,2026-02-09 23:23:10.959000,BTCUSDT,70283.7,70282.8,70280.3,70279.3,70279.1,0.631,0.009,0.027,0.001,0.101,70283.8,70284.0,70285.6,70285.7,70288.6,2.871,0.009,0.009,0.278,0.002,-0.6094464195022853
1770679390959,2026-02-09 23:23:10.959000,ETHUSDT,2107.7,2107.6,2107.5,2107.4,2107.3,138.896,39.231,67.751,77.821,124.609,2107.8,2107.9,2108.0,2108.1,2108.2,3.988,5.313,66.292,9.632,72.084,0.48050005201307083
1770679391961,2026-02-09 23:23:11.961000,BTCUSDT,70283.7,70282.8,70279.6,70279.1,70278.8,0.633,0.009,0.001,0.101,0.002,70283.8,70284.0,70285.6,70285.7,70288.6,1.423,0.009,0.009,0.287,0.002,-0.3974151857835217
1770679391961,2026-02-09 23:23:11.961000,ETHUSDT,2107.9,2107.8,2107.7,2107.6,2107.5,119.713,39.534,87.153,82.247,119.006,2108.0,2108.1,2108.2,2108.3,2108.4,54.141,14.291,5.27,23.915,99.0,0.3896440933149146
1770679392963,2026-02-09 23:23:12.963000,BTCUSDT,70295.0,70292.6,70289.6,70288.9,70288.1,0.701,0.009,0.001,4.979,0.919,70295.1,70296.2,70296.4,70296.5,70296.7,1.666,0.009,0.009,0.048,0.101,0.5657427149964463
1770679392963,2026-02-09 23:23:12.963000,ETHUSDT,2108.1,2108.0,2107.9,2107.8,2107.7,56.97,101.505,67.134,76.518,85.437,2108.2,2108.4,2108.5,2108.6,2108.7,0.44,23.714,32.735,72.381,45.467,0.37849301352834164
1770679393968,2026-02-09 23:23:13.968000,BTCUSDT,70295.0,70292.6,70291.0,70290.9,70289.9,0.014,0.009,0.009,0.002,0.001,70295.1,70296.2,70296.4,70296.7,70300.3,3.535,0.009,0.009,0.101,0.15,-0.9817660849179473
1770679393968,2026-02-09 23:23:13.968000,ETHUSDT,2108.1,2108.0,2107.9,2107.8,2107.7,56.97,102.005,68.209,78.022,85.437,2108.2,2108.4,2108.5,2108.6,2108.7,1.689,23.714,33.235,72.381,45.467,0.37761602739412026
1770679394969,2026-02-09 23:23:14.969000,BTCUSDT,70295.0,70292.6,70291.0,70290.9,70290.3,0.014,0.009,0.009,0.002,0.001,70295.1,70295.7,70296.2,70296.7,70300.3,3.506,0.009,0.009,0.101,0.49,-0.9831325301204819
1770679394969,2026-02-09 23:23:14.969000,ETHUSDT,2108.4,2108.3,2108.2,2108.1,2108.0,1.75,59.488,5.738,46.528,8.428,2108.5,2108.6,2108.7,2108.8,2108.9,88.834,45.212,9.901,67.311,77.646,-0.4064200800319349
1770679395975,2026-02-09 23:23:15.975000,BTCUSDT,70291.6,70283.7,70282.6,70279.4,70279.1,0.001,0.11,0.002,0.318,0.101,70291.7,70291.8,70292.4,70292.5,70293.3,9.578,0.015,0.613,2.133,0.101,-0.917977181621955
1770679395975,2026-02-09 23:23:15.975000,ETHUSDT,2107.7,2107.6,2107.5,2107.4,2107.3,33.285,6.739,41.96,65.489,15.643,2107.8,2107.9,2108.0,2108.1,2108.2,22.892,87.461,51.685,62.537,4.779,-0.1687721354498433
1770679396979,2026-02-09 23:23:16.979000,BTCUSDT,70283.7,70279.9,70279.8,70279.1,70278.0,0.12,0.009,0.012,0.101,0.199,70283.8,70284.4,70284.5,70284.6,70284.9,4.235,0.009,1.4,2.134,0.006,-0.8927659574468084
1770679396979,2026-02-09 23:23:16.979000,ETHUSDT,2107.6,2107.5,2107.4,2107.3,2107.2,79.132,67.83,4.854,124.363,77.921,2107.7,2107.8,2107.9,2108.0,2108.1,20.757,57.986,24.826,40.558,62.891,0.26212311848844627
1770679397983,2026-02-09 23:23:17.983000,BTCUSDT,70289.6,70289.5,70288.9,70287.1,70287.0,1.891,0.015,4.979,0.003,0.037,70289.7,70291.0,70292.7,70292.8,70293.6,0.239,0.001,0.009,0.009,1.422,0.6095293434049971
1770679397983,2026-02-09 23:23:17.983000,ETHUSDT,2108.0,2107.9,2107.8,2107.7,2107.6,31.587,70.617,14.196,150.456,92.008,2108.1,2108.2,2108.3,2108.4,2108.5,44.28,11.689,58.891,35.925,4.737,0.3953101367455568
1770679398985,2026-02-09 23:23:18.985000,BTCUSDT,70289.6,70289.5,70289.0,70288.9,70287.1,1.957,0.015,0.009,4.979,0.003,70289.7,70290.9,70291.0,70292.8,70295.0,0.138,0.001,0.351,0.199,0.009,0.8177783579167209
1770679398985,2026-02-09 23:23:18.985000,ETHUSDT,2108.0,2107.9,2107.8,2107.7,2107.6,60.755,160.309,79.316,114.874,108.333,2108.1,2108.3,2108.4,2108.5,2108.6,0.005,0.233,22.568,1.333,38.536,0.786187745410755
1770679399990,2026-02-09 23:23:19.990000,BTCUSDT,70302.3,70300.0,70299.9,70298.1,70296.3,0.052,0.009,0.028,0.03,0.002,70302.4,70303.9,70304.0,70304.4,70306.3,2.922,0.009,0.011,0.002,0.019,-0.9215304798962387
1770679399990,2026-02-09 23:23:19.990000,ETHUSDT,2108.4,2108.3,2108.2,2108.1,2108.0,102.742,66.292,14.895,115.167,96.153,2108.5,2108.6,2108.7,2108.8,2108.9,3.947,10.186,50.817,29.807,41.624,0.4869326411225854
1770679400994,2026-02-09 23:23:20.994000,BTCUSDT,70302.3,70300.0,70299.9,70297.9,70296.3,0.052,0.009,0.028,0.03,0.002,70302.4,70303.9,70304.0,70304.4,70306.3,2.97,0.009,0.011,0.002,0.019,-0.9227330779054917
1770679400994,2026-02-09 23:23:20.994000,ETHUSDT,2108.4,2108.3,2108.2,2108.1,2108.0,99.511,65.792,15.843,115.032,98.257,2108.5,2108.6,2108.7,2108.8,2108.9,14.87,33.898,50.317,5.872,41.392,0.45875247788396106
1770679401999,2026-02-09 23:23:21.999000,BTCUSDT,70302.3,70302.2,70301.5,70300.2,70299.3,4.443,0.05,2.133,0.11,1.705,70302.4,70308.6,70309.5,70311.6,70312.0,0.138,0.013,1.422,0.002,0.045,0.6779644170559587
1770679401999,2026-02-09 23:23:21.999000,ETHUSDT,2108.4,2108.3,2108.2,2108.1,2108.0,144.795,101.365,91.259,64.449,98.257,2108.5,2108.6,2108.8,2108.9,2109.0,0.009,0.1,1.098,0.2,59.268,0.7836126961483595
1770679403004,2026-02-09 23:23:23.004000,BTCUSDT,70308.5,70305.1,70305.0,70304.1,70302.4,0.001,0.009,0.003,0.009,0.205,70308.6,70309.2,70309.3,70309.4,70311.0,4.746,1.705,0.406,2.133,0.009,-0.9507912421417732
1770679403004,2026-02-09 23:23:23.004000,ETHUSDT,2108.5,2108.4,2108.3,2108.2,2108.1,33.434,0.948,39.397,19.653,62.737,2108.6,2108.8,2108.9,2109.0,2109.1,26.445,82.985,119.865,23.661,62.537,-0.33779274141228255
1770679404009,2026-02-09 23:23:24.009000,BTCUSDT,70308.5,70308.2,70308.1,70307.4,70304.3,0.031,0.009,0.027,1.422,0.101,70308.6,70309.1,70309.2,70309.4,70311.0,6.008,0.009,0.009,2.133,0.009,-0.6741135478581677
1770679404009,2026-02-09 23:23:24.009000,ETHUSDT,2108.5,2108.4,2108.3,2108.2,2108.1,132.046,89.348,139.409,20.981,76.126,2108.6,2108.8,2108.9,2109.0,2109.2,0.423,0.2,27.564,82.843,4.772,0.596306160582313
1770679405013,2026-02-09 23:23:25.013000,BTCUSDT,70308.5,70308.4,70307.4,70304.3,70303.5,0.031,0.036,1.422,0.101,0.005,70308.6,70309.1,70309.2,70309.4,70311.1,5.995,0.009,0.009,2.133,0.199,-0.6790744466800804
1770679405013,2026-02-09 23:23:25.013000,ETHUSDT,2108.7,2108.6,2108.5,2108.4,2108.3,101.945,4.307,85.773,53.777,139.409,2108.8,2108.9,2109.0,2109.2,2109.3,6.618,63.966,46.146,4.772,67.274,0.34222900518652855
1770679406017,2026-02-09 23:23:26.017000,BTCUSDT,70308.5,70308.4,70307.4,70304.3,70303.5,0.031,0.036,1.422,0.101,0.005,70308.6,70309.1,70309.2,70309.4,70311.1,6.004,0.009,0.009,2.133,0.199,-0.6793647602774149
1770679406017,2026-02-09 23:23:26.017000,ETHUSDT,2108.7,2108.6,2108.5,2108.4,2108.3,101.945,4.307,85.273,53.777,139.055,2108.8,2108.9,2109.0,2109.2,2109.3,3.994,32.139,69.353,4.926,67.274,0.36771385819234476
1770679407023,2026-02-09 23:23:27.023000,BTCUSDT,70296.1,70295.3,70295.2,70292.7,70291.8,1.929,0.009,0.101,0.101,1.39,70296.2,70297.5,70301.2,70301.3,70301.9,1.54,4.978,0.009,1.399,0.009,-0.384212821631051
1770679407023,2026-02-09 23:23:27.023000,ETHUSDT,2108.5,2108.4,2108.3,2108.2,2108.1,33.924,62.537,39.439,66.96,62.737,2108.6,2108.7,2108.8,2108.9,2109.0,27.258,84.112,0.204,36.919,0.154,0.2823215303058102
1770679408028,2026-02-09 23:23:28.028000,BTCUSDT,70296.1,70295.3,70295.2,70292.7,70291.8,1.877,0.009,0.101,0.101,1.39,70296.2,70297.5,70298.5,70298.6,70301.3,1.54,2.854,0.009,2.142,1.39,-0.3905195829317445
1770679408028,2026-02-09 23:23:28.028000,ETHUSDT,2108.5,2108.4,2108.3,2108.2,2108.1,34.877,65.717,38.11,69.633,70.253,2108.6,2108.7,2108.8,2108.9,2109.0,27.833,48.082,0.7,72.482,0.154,0.30230623058566153
1770679409049,2026-02-09 23:23:29.049000,BTCUSDT,70301.2,70301.1,70299.1,70299.0,70298.8,1.656,0.015,0.101,0.101,4.977,70301.3,70303.6,70303.7,70304.3,70305.0,2.171,0.199,0.045,1.422,0.002,0.2816914585087473
1770679409049,2026-02-09 23:23:29.049000,ETHUSDT,2108.8,2108.7,2108.6,2108.5,2108.4,30.36,1.234,102.007,67.095,62.537,2108.9,2109.0,2109.1,2109.2,2109.3,53.989,36.061,51.669,9.705,67.474,0.09195633551876975
1770679410068,2026-02-09 23:23:30.068000,BTCUSDT,70301.2,70301.1,70299.1,70299.0,70298.8,0.982,0.006,0.101,0.101,4.977,70301.3,70303.6,70303.7,70304.2,70304.9,2.181,0.199,0.054,1.705,0.009,0.19573436742607855
1770679410068,2026-02-09 23:23:30.068000,ETHUSDT,2108.8,2108.7,2108.6,2108.5,2108.4,30.019,1.234,101.059,68.043,62.537,2108.9,2109.0,2109.1,2109.2,2109.3,54.193,35.561,51.869,9.705,67.864,0.09064810282025537
1770679411071,2026-02-09 23:23:31.071000,BTCUSDT,70289.0,70284.9,70283.9,70283.8,70283.7,0.419,0.028,0.006,0.891,0.303,70289.1,70290.5,70294.6,70295.0,70295.5,1.219,0.006,1.705,4.978,0.002,-0.6553311708695198
1770679411071,2026-02-09 23:23:31.071000,ETHUSDT,2108.5,2108.3,2108.2,2108.1,2108.0,4.776,23.869,15.289,3.151,110.492,2108.6,2108.7,2108.8,2108.9,2109.0,118.791,52.386,67.274,23.898,62.537,-0.34678099667746537
1770679412072,2026-02-09 23:23:32.072000,BTCUSDT,70289.0,70288.9,70288.8,70288.2,70287.9,5.417,0.009,0.028,2.134,0.199,70289.1,70292.6,70294.5,70295.0,70295.5,0.783,1.092,0.199,0.045,0.002,0.5718611223253937
1770679412072,2026-02-09 23:23:32.072000,ETHUSDT,2108.5,2108.3,2108.2,2108.1,2108.0,29.51,65.898,85.272,76.518,76.777,2108.6,2108.7,2108.8,2108.9,2109.0,109.779,51.892,67.274,28.678,62.537,0.02111949368249673
1770679413073,2026-02-09 23:23:33.073000,BTCUSDT,70289.0,70288.9,70288.8,70288.2,70287.9,5.417,0.009,0.028,2.134,0.199,70289.1,70292.6,70294.5,70295.0,70295.2,0.783,1.092,0.199,0.045,1.422,0.3748234463276836
1770679413073,2026-02-09 23:23:33.073000,ETHUSDT,2108.5,2108.4,2108.3,2108.2,2108.1,14.092,23.714,67.412,87.823,76.518,2108.6,2108.7,2108.8,2108.9,2109.0,109.779,51.892,67.274,28.674,62.537,-0.08579907243329403
1770679414078,2026-02-09 23:23:34.078000,BTCUSDT,70289.0,70288.9,70288.8,70288.2,70287.9,5.417,0.009,0.028,2.134,0.199,70289.1,70292.6,70294.5,70295.0,70295.1,0.783,1.092,0.199,0.045,0.009,0.5707513867876953
1770679414078,2026-02-09 23:23:34.078000,ETHUSDT,2108.5,2108.4,2108.3,2108.2,2108.1,38.459,3.189,64.705,87.823,76.518,2108.6,2108.7,2108.8,2108.9,2109.0,74.211,51.892,67.774,64.237,62.537,-0.08448029492090074
1770679415084,2026-02-09 23:23:35.084000,BTCUSDT,70289.0,70288.9,70288.8,70288.5,70288.2,4.848,0.043,0.028,1.39,2.134,70289.1,70294.9,70295.1,70295.2,70295.4,0.643,0.009,0.009,1.431,0.002,0.6025434184302934
1770679415084,2026-02-09 23:23:35.084000,ETHUSDT,2108.5,2108.4,2108.3,2108.2,2108.1,5.426,1.025,87.92,93.333,80.209,2108.6,2108.7,2108.8,2108.9,2109.0,51.003,51.892,98.102,28.474,62.537,-0.04303285642081645
1770679416090,2026-02-09 23:23:36.090000,BTCUSDT,70289.0,70288.9,70288.8,70288.5,70288.2,5.812,0.043,0.028,1.39,2.134,70289.1,70294.9,70295.1,70295.2,70295.4,0.643,0.009,0.009,1.431,0.002,0.6358577514998697
1770679416090,2026-02-09 23:23:36.090000,ETHUSDT,2108.3,2108.2,2108.1,2108.0,2107.9,24.369,50.864,65.728,133.815,87.644,2108.4,2108.5,2108.6,2108.8,2108.9,43.979,52.164,112.874,62.927,28.52,0.0934643165320026
1770679417092,2026-02-09 23:23:37.092000,BTCUSDT,70289.0,70288.9,70288.8,70288.5,70288.2,5.823,0.019,0.028,1.39,2.134,70289.1,70294.9,70295.1,70295.2,70295.4,0.643,0.009,0.009,1.431,0.002,0.6354456824512535
1770679417092,2026-02-09 23:23:37.092000,ETHUSDT,2108.3,2108.2,2108.1,2108.0,2107.9,24.599,50.371,69.507,133.315,87.644,2108.4,2108.5,2108.6,2108.8,2108.9,27.1,75.377,104.114,67.664,29.467,0.0922263501295659
1770679418095,2026-02-09 23:23:38.095000,BTCUSDT,70294.1,70289.0,70288.9,70288.8,70288.5,0.034,5.805,0.009,0.028,1.39,70294.2,70294.3,70294.9,70295.4,70295.5,0.009,0.009,0.009,0.002,0.002,0.9915033575441963
1770679418095,2026-02-09 23:23:38.095000,ETHUSDT,2108.3,2108.2,2108.1,2108.0,2107.9,45.971,50.371,66.816,133.315,88.329,2108.4,2108.5,2108.6,2108.7,2108.8,6.999,51.664,64.956,4.348,67.664,0.3259135852027711
1770679419099,2026-02-09 23:23:39.099000,BTCUSDT,70295.3,70295.2,70295.1,70294.6,70294.5,1.895,0.009,4.987,0.028,0.101,70295.4,70295.8,70298.5,70298.6,70299.0,0.78,0.001,0.009,1.169,0.011,0.5617352614015573
1770679419099,2026-02-09 23:23:39.099000,ETHUSDT,2108.5,2108.4,2108.3,2108.2,2108.1,170.459,12.307,62.921,159.49,70.789,2108.6,2108.7,2108.8,2108.9,2109.1,35.1,55.858,0.2,64.037,0.948,0.5059617882358897
1770679420104,2026-02-09 23:23:40.104000,BTCUSDT,70295.3,70295.2,70294.5,70294.1,70291.5,4.782,0.043,2.234,0.101,0.569,70295.4,70295.8,70300.7,70300.8,70301.2,0.137,0.001,0.278,0.045,0.009,0.8853518721795341
1770679420104,2026-02-09 23:23:40.104000,ETHUSDT,2108.8,2108.7,2108.6,2108.5,2108.4,102.051,63.185,1.148,154.236,54.662,2108.9,2109.0,2109.1,2109.2,2109.3,34.927,40.141,5.464,9.751,4.937,0.5952408278817094
1770679421109,2026-02-09 23:23:41.109000,BTCUSDT,70295.3,70295.2,70294.5,70294.1,70293.4,4.798,0.019,2.234,0.101,0.028,70295.4,70295.7,70300.6,70300.7,70300.8,0.137,0.001,0.009,0.287,0.054,0.8727177882107461
1770679421109,2026-02-09 23:23:41.109000,ETHUSDT,2108.8,2108.7,2108.6,2108.5,2108.4,13.527,122.462,4.143,78.84,51.864,2108.9,2109.0,2109.1,2109.2,2109.3,51.623,39.015,51.864,10.295,67.274,0.10341062563784996
1770679422115,2026-02-09 23:23:42.115000,BTCUSDT,70295.3,70295.2,70295.1,70294.5,70294.1,4.767,0.009,0.029,2.234,0.101,70295.4,70295.7,70300.6,70300.7,70300.8,0.78,0.001,0.009,0.287,0.054,0.7265143271672108
1770679422115,2026-02-09 23:23:42.115000,ETHUSDT,2108.8,2108.7,2108.6,2108.5,2108.4,37.237,36.214,4.343,78.84,128.182,2108.9,2109.0,2109.1,2109.2,2109.3,51.623,39.015,51.864,10.295,67.274,0.12823661532184435
1770679423120,2026-02-09 23:23:43.120000,BTCUSDT,70304.8,70304.4,70304.1,70304.0,70303.2,3.658,0.009,0.009,2.133,0.028,70304.9,70308.6,70309.9,70310.3,70312.6,0.135,0.012,0.011,0.11,0.009,0.9093882891723912
1770679423120,2026-02-09 23:23:43.120000,ETHUSDT,2109.2,2109.1,2109.0,2108.9,2108.8,33.146,55.173,63.685,80.333,65.989,2109.3,2109.4,2109.5,2109.6,2109.7,95.266,5.81,4.772,35.705,67.898,0.1750276203924164
1770679424124,2026-02-09 23:23:44.124000,BTCUSDT,70304.8,70304.6,70304.4,70304.1,70304.0,5.442,0.009,0.009,0.569,2.133,70304.9,70308.6,70309.8,70309.9,70310.3,0.135,0.012,0.009,0.002,0.11,0.9364175563463819
1770679424124,2026-02-09 23:23:44.124000,ETHUSDT,2109.2,2109.1,2109.0,2108.9,2108.8,33.146,58.4,62.737,79.84,68.532,2109.3,2109.4,2109.5,2109.6,2109.7,71.562,5.81,28.474,35.705,68.098,0.18154455167244443
1770679425129,2026-02-09 23:23:45.129000,BTCUSDT,70304.8,70304.7,70304.6,70304.4,70304.1,5.44,0.028,0.009,0.009,0.569,70304.9,70308.6,70309.8,70309.9,70310.3,0.135,0.012,0.009,0.011,0.11,0.9125078963992419
1770679425129,2026-02-09 23:23:45.129000,ETHUSDT,2109.2,2109.1,2109.0,2108.9,2108.8,46.734,41.399,3.946,65.09,145.05,2109.3,2109.4,2109.5,2109.7,2109.8,71.563,88.771,4.772,68.252,24.468,0.07926684462855668
1770679426133,2026-02-09 23:23:46.133000,BTCUSDT,70308.5,70307.7,70307.6,70307.5,70306.7,3.997,2.142,0.009,1.418,0.002,70308.6,70312.9,70314.5,70315.1,70315.2,0.655,0.135,0.047,0.009,0.101,0.7775689958896065
1770679426133,2026-02-09 23:23:46.133000,ETHUSDT,2109.2,2109.1,2109.0,2108.9,2108.8,55.02,109.597,130.978,79.029,93.387,2109.3,2109.5,2109.6,2109.7,2109.8,1.264,28.474,15.0,107.882,23.52,0.4531095969733804
1770679427135,2026-02-09 23:23:47.135000,BTCUSDT,70308.5,70308.4,70307.7,70307.5,70306.7,3.997,0.009,2.142,1.418,0.002,70308.6,70312.9,70314.4,70314.5,70315.1,0.655,0.135,0.009,0.056,0.009,0.7950664136622391
1770679427135,2026-02-09 23:23:47.135000,ETHUSDT,2109.2,2109.1,2109.0,2108.9,2108.8,49.331,50.222,51.662,79.117,93.387,2109.3,2109.4,2109.5,2109.6,2109.7,20.414,0.5,28.474,67.847,78.766,0.2457438620795813
1770679428140,2026-02-09 23:23:48.140000,BTCUSDT,70308.5,70308.4,70307.5,70306.3,70306.0,3.109,0.009,1.39,0.199,0.006,70308.6,70312.0,70312.1,70312.9,70314.5,0.682,0.009,1.431,0.135,0.047,0.34330910645575036
1770679428140,2026-02-09 23:23:48.140000,ETHUSDT,2109.2,2109.1,2109.0,2108.9,2108.8,7.174,30.868,0.948,98.254,64.072,2109.3,2109.4,2109.5,2109.7,2109.8,26.79,65.695,14.241,68.252,24.468,0.004666111058433767
1770679429147,2026-02-09 23:23:49.147000,BTCUSDT,70308.5,70308.4,70307.5,70306.3,70306.0,4.002,0.009,1.39,0.199,0.006,70308.6,70312.0,70312.1,70314.4,70314.5,1.185,0.009,1.431,0.009,0.047,0.35296247134065406
1770679429147,2026-02-09 23:23:49.147000,ETHUSDT,2109.2,2109.1,2109.0,2108.9,2108.8,8.49,68.815,4.09,62.691,137.393,2109.3,2109.4,2109.5,2109.7,2109.8,26.28,30.14,49.794,68.252,23.52,0.17413784113543224
1770679430152,2026-02-09 23:23:50.152000,BTCUSDT,70308.5,70308.4,70307.5,70306.3,70306.0,4.002,0.009,1.39,0.199,0.006,70308.6,70312.0,70312.1,70314.4,70314.5,1.184,0.009,0.009,0.009,0.047,0.6334498834498836
1770679430152,2026-02-09 23:23:50.152000,ETHUSDT,2109.2,2109.1,2109.0,2108.9,2108.8,32.323,45.109,5.14,71.157,141.433,2109.3,2109.4,2109.5,2109.7,2109.8,26.284,30.64,49.794,68.252,24.468,0.19353821269712906
1770679431154,2026-02-09 23:23:51.154000,BTCUSDT,70318.0,70317.7,70317.3,70317.2,70317.0,4.241,0.101,0.009,2.133,0.101,70318.1,70321.8,70322.8,70323.8,70323.9,0.134,0.049,0.101,0.009,0.002,0.9142441860465117
1770679431154,2026-02-09 23:23:51.154000,ETHUSDT,2109.4,2109.3,2109.2,2109.1,2109.0,76.014,102.347,82.147,123.743,93.675,2109.5,2109.6,2109.7,2109.8,2109.9,6.032,30.557,41.21,18.95,103.364,0.40973011876897936
1770679432158,2026-02-09 23:23:52.158000,BTCUSDT,70318.0,70317.8,70317.7,70317.2,70317.0,4.241,0.009,0.11,2.133,0.101,70318.1,70321.7,70321.8,70322.7,70322.8,1.169,0.009,0.058,0.009,0.101,0.6609571788413098
1770679432158,2026-02-09 23:23:52.158000,ETHUSDT,2109.4,2109.2,2109.1,2109.0,2108.9,30.947,6.949,162.692,78.824,79.539,2109.5,2109.6,2109.7,2109.8,2109.9,31.178,64.562,37.756,19.15,67.428,0.23984629333793886
1770679433163,2026-02-09 23:23:53.163000,BTCUSDT,70318.0,70317.8,70317.7,70317.2,70317.0,4.489,0.009,0.11,2.133,0.101,70318.1,70321.7,70321.8,70322.7,70322.8,1.169,0.009,0.058,0.009,0.101,0.6712261846604788
1770679433163,2026-02-09 23:23:53.163000,ETHUSDT,2109.4,2109.3,2109.2,2109.1,2109.0,45.337,62.537,86.608,160.003,78.324,2109.5,2109.6,2109.7,2109.8,2109.9,30.103,65.062,37.756,19.15,67.428,0.3270081004678772
1770679434169,2026-02-09 23:23:54.169000,BTCUSDT,70328.4,70327.6,70326.5,70325.4,70324.2,2.422,2.132,0.009,2.274,0.028,70328.5,70335.5,70335.9,70337.5,70340.9,0.581,0.033,0.009,0.101,0.033,0.801364471267384
1770679434169,2026-02-09 23:23:54.169000,ETHUSDT,2109.7,2109.6,2109.5,2109.4,2109.3,77.693,2.746,63.608,138.281,99.041,2109.8,2110.0,2110.1,2110.2,2110.3,3.799,82.938,7.721,0.1,10.469,0.5681420077467743
1770679435171,2026-02-09 23:23:55.171000,BTCUSDT,70335.8,70335.6,70335.3,70335.0,70334.0,0.584,0.009,5.076,0.101,0.101,70335.9,70339.1,70339.2,70339.5,70340.5,2.124,0.009,0.015,0.009,0.101,0.44445811292901954
1770679435171,2026-02-09 23:23:55.171000,ETHUSDT,2109.9,2109.8,2109.7,2109.6,2109.5,25.741,0.154,82.902,86.638,68.912,2110.0,2110.1,2110.2,2110.3,2110.4,109.511,51.142,5.409,67.657,5.223,0.05047795600539645
1770679436176,2026-02-09 23:23:56.176000,BTCUSDT,70333.4,70331.8,70330.2,70330.1,70328.6,0.029,0.009,0.009,1.421,0.003,70333.5,70333.7,70334.3,70334.7,70335.1,4.128,0.001,2.132,1.39,0.004,-0.6776243699320623
1770679436176,2026-02-09 23:23:56.176000,ETHUSDT,2109.3,2109.2,2109.1,2109.0,2108.9,84.455,3.048,14.477,63.485,128.169,2109.4,2109.5,2109.6,2109.7,2109.8,13.067,5.509,4.08,29.21,5.804,0.6716803680003643
1770679437180,2026-02-09 23:23:57.180000,BTCUSDT,70333.4,70333.0,70331.8,70330.2,70330.1,0.001,0.026,0.009,0.009,1.421,70333.5,70333.6,70333.7,70334.7,70335.1,4.139,0.009,0.01,1.39,0.004,-0.5822171558848674
1770679437180,2026-02-09 23:23:57.180000,ETHUSDT,2109.4,2109.3,2109.2,2109.1,2109.0,97.066,71.765,2.556,92.468,81.973,2109.5,2109.6,2109.7,2109.8,2109.9,55.307,4.08,4.973,5.804,98.083,0.3454379224821281
1770679438182,2026-02-09 23:23:58.182000,BTCUSDT,70333.4,70331.5,70330.2,70330.1,70328.6,0.001,0.028,0.009,1.43,0.003,70333.5,70333.6,70333.7,70334.6,70334.7,5.768,0.009,0.01,0.189,1.39,-0.667081588774471
1770679438182,2026-02-09 23:23:58.182000,ETHUSDT,2109.4,2109.2,2109.1,2109.0,2108.9,5.428,86.242,68.73,118.741,90.066,2109.5,2109.6,2109.7,2109.8,2109.9,66.357,0.5,40.523,4.929,62.537,0.3572464447397588
1770679439190,2026-02-09 23:23:59.190000,BTCUSDT,70327.3,70324.6,70323.5,70322.9,70320.1,0.281,0.199,0.028,0.003,0.009,70327.4,70327.5,70327.6,70327.8,70327.9,7.776,0.009,0.011,0.009,1.823,-0.8975167520693733
1770679439190,2026-02-09 23:23:59.190000,ETHUSDT,2109.1,2109.0,2108.9,2108.8,2108.7,10.2,86.244,8.5,158.919,77.719,2109.2,2109.3,2109.4,2109.6,2109.7,27.144,135.213,5.172,0.154,72.085,0.17513374043175375
1770679440196,2026-02-09 23:24:00.196000,BTCUSDT,70340.4,70339.8,70339.0,70337.8,70337.7,0.24,0.006,0.078,0.028,0.078,70340.6,70340.7,70340.9,70342.3,70343.8,0.139,0.016,0.005,0.033,0.002,0.37599999999999995
1770679440196,2026-02-09 23:24:00.196000,ETHUSDT,2109.1,2109.0,2108.9,2108.8,2108.7,327.562,98.098,77.09,153.087,224.206,2110.2,2110.4,2110.6,2110.7,2110.8,0.1,0.419,1.126,0.171,23.687,0.9436737614654583
1770679441200,2026-02-09 23:24:01.200000,BTCUSDT,70339.0,70337.9,70337.8,70335.1,70334.9,0.653,0.009,0.028,4.975,0.101,70339.1,70339.8,70339.9,70340.1,70340.8,2.454,0.009,1.39,0.006,0.009,0.19701058750259504
1770679441200,2026-02-09 23:24:01.200000,ETHUSDT,2110.5,2110.4,2110.3,2110.2,2110.1,42.895,3.16,90.245,35.541,128.505,2110.6,2110.7,2110.8,2110.9,2111.0,8.18,14.208,31.95,35.529,72.274,0.2988300211681626
1770679442206,2026-02-09 23:24:02.206000,BTCUSDT,70339.0,70338.9,70338.8,70335.1,70334.9,0.683,0.009,0.002,4.975,0.101,70339.1,70339.6,70339.8,70339.9,70340.1,2.481,1.421,0.009,1.39,0.006,0.04179832084499406
1770679442206,2026-02-09 23:24:02.206000,ETHUSDT,2110.5,2110.4,2110.3,2110.2,2110.1,113.559,38.698,133.795,1.156,81.851,2110.6,2110.7,2110.8,2110.9,2111.0,1.677,0.671,32.15,38.961,68.428,0.4446105850716123
1770679443212,2026-02-09 23:24:03.212000,BTCUSDT,70335.1,70333.9,70333.2,70333.1,70332.6,2.846,0.002,0.009,0.91,0.029,70335.2,70336.6,70338.0,70338.3,70338.8,5.543,0.001,0.101,0.101,0.002,-0.20452640402347028
1770679443212,2026-02-09 23:24:03.212000,ETHUSDT,2110.5,2110.3,2110.2,2110.1,2110.0,24.299,106.493,3.454,81.46,7.358,2110.6,2110.7,2110.8,2110.9,2111.0,22.884,4.941,130.018,115.679,73.59,-0.21756089347850482
1770679444217,2026-02-09 23:24:04.217000,BTCUSDT,70335.1,70333.9,70333.2,70333.1,70332.5,2.846,0.002,0.009,0.039,0.101,70335.2,70336.5,70336.6,70338.0,70338.2,5.552,0.009,0.01,0.101,0.141,-0.3196367763904654
1770679444217,2026-02-09 23:24:04.217000,ETHUSDT,2110.5,2110.4,2110.3,2110.2,2110.1,24.299,62.537,106.632,3.454,81.315,2110.6,2110.7,2110.8,2110.9,2111.0,22.384,4.941,130.018,115.679,73.59,-0.10942643742728235
1770679445222,2026-02-09 23:24:05.222000,BTCUSDT,70325.6,70324.8,70324.6,70320.2,70319.3,0.101,0.278,0.199,0.009,0.009,70325.7,70326.5,70331.5,70331.9,70334.5,5.335,2.132,0.001,0.003,0.028,-0.8527486102532428
1770679445222,2026-02-09 23:24:05.222000,ETHUSDT,2109.6,2109.5,2109.4,2109.3,2109.2,26.685,3.177,49.925,0.5,63.405,2109.7,2109.8,2109.9,2110.1,2110.2,8.597,2.501,139.366,72.116,0.554,-0.21656589227590187
1770679446227,2026-02-09 23:24:06.227000,BTCUSDT,70325.6,70325.1,70324.6,70322.7,70321.9,0.112,1.43,0.199,0.029,0.003,70325.7,70325.9,70326.4,70327.2,70329.1,5.337,0.009,0.009,2.132,0.313,-0.6295832027577561
1770679446227,2026-02-09 23:24:06.227000,ETHUSDT,2109.6,2109.5,2109.4,2109.3,2109.2,2.158,24.822,90.159,8.785,64.031,2109.7,2109.8,2109.9,2110.1,2110.2,24.798,0.624,202.471,76.855,0.154,-0.23228326567068866
1770679447231,2026-02-09 23:24:07.231000,BTCUSDT,70325.6,70324.6,70323.0,70322.3,70322.1,0.103,0.199,0.374,0.009,0.029,70325.7,70325.9,70326.4,70326.5,70329.1,5.337,0.009,0.009,2.132,0.313,-0.8322762508809022
1770679447231,2026-02-09 23:24:07.231000,ETHUSDT,2109.5,2109.4,2109.3,2109.2,2109.1,32.316,91.125,8.785,63.452,30.612,2109.6,2109.7,2109.8,2109.9,2110.0,8.266,16.36,63.137,137.533,0.2,0.0017574692442882498
1770679448233,2026-02-09 23:24:08.233000,BTCUSDT,70325.6,70325.2,70325.0,70324.9,70324.8,4.489,0.009,1.705,0.569,2.132,70325.7,70328.1,70331.6,70332.1,70333.2,0.141,0.004,0.199,0.049,0.009,0.9136041263700839
1770679448233,2026-02-09 23:24:08.233000,ETHUSDT,2109.8,2109.7,2109.6,2109.5,2109.4,78.987,77.994,49.489,67.844,15.146,2109.9,2110.1,2110.2,2110.3,2110.4,3.176,85.998,0.2,12.662,107.779,0.1595213058935456
1770679449237,2026-02-09 23:24:09.237000,BTCUSDT,70325.6,70325.2,70320.6,70319.1,70318.7,3.418,0.009,0.592,0.101,0.002,70325.7,70329.1,70329.2,70331.3,70331.7,1.203,0.009,1.43,1.705,0.004,-0.027027027027026935
1770679449237,2026-02-09 23:24:09.237000,ETHUSDT,2109.4,2109.2,2109.1,2109.0,2108.9,28.476,0.95,52.896,8.665,19.449,2109.5,2109.6,2109.7,2109.8,2109.9,37.934,146.654,40.323,148.598,23.888,-0.5650696193433669
1770679450243,2026-02-09 23:24:10.243000,BTCUSDT,70325.6,70325.3,70324.8,70324.7,70320.7,0.691,0.03,0.009,1.39,0.009,70325.7,70329.1,70329.2,70329.4,70331.3,1.265,0.571,1.43,2.132,1.705,-0.5387781629116118
1770679450243,2026-02-09 23:24:10.243000,ETHUSDT,2109.2,2109.1,2109.0,2108.9,2108.8,8.826,4.774,24.711,0.154,121.867,2109.3,2109.4,2109.5,2109.6,2109.7,132.212,82.505,9.949,62.691,4.773,-0.2912907603290442
1770679451245,2026-02-09 23:24:11.245000,BTCUSDT,70323.5,70323.4,70321.4,70319.9,70319.2,0.003,0.414,0.202,0.03,0.009,70323.6,70325.0,70325.1,70325.3,70325.4,2.441,0.009,0.004,6.68,0.002,-0.8656320196038392
1770679451245,2026-02-09 23:24:11.245000,ETHUSDT,2109.0,2108.9,2108.8,2108.7,2108.6,23.743,1.004,14.695,91.591,69.269,2109.1,2109.2,2109.3,2109.5,2109.6,27.62,134.476,67.844,19.448,139.209,-0.3197407365269766
1770679452249,2026-02-09 23:24:12.249000,BTCUSDT,70304.8,70304.5,70304.4,70304.0,70301.7,0.878,0.009,0.199,0.278,0.002,70304.9,70308.3,70308.4,70308.7,70309.7,1.519,0.009,0.058,0.001,1.705,-0.4134821811936453
1770679452249,2026-02-09 23:24:12.249000,ETHUSDT,2108.5,2108.4,2108.3,2108.2,2108.1,56.835,3.906,35.881,131.085,17.981,2108.6,2108.7,2108.8,2108.9,2109.1,16.511,7.272,68.824,139.388,86.066,-0.12837805477260278
1770679453255,2026-02-09 23:24:13.255000,BTCUSDT,70304.8,70304.7,70304.4,70304.0,70302.6,4.444,0.009,0.199,2.133,0.587,70304.9,70311.1,70311.2,70312.0,70312.2,0.142,0.049,0.278,0.002,0.009,0.8777381558838512
1770679453255,2026-02-09 23:24:13.255000,ETHUSDT,2108.8,2108.7,2108.6,2108.5,2108.4,132.886,35.566,63.191,14.516,170.441,2108.9,2109.0,2109.2,2109.3,2109.4,4.301,1.113,5.38,23.704,35.909,0.7108583654855063
1770679454260,2026-02-09 23:24:14.260000,BTCUSDT,70304.8,70304.7,70304.4,70304.0,70302.6,4.47,0.009,0.199,2.133,0.587,70304.9,70308.3,70311.0,70311.1,70311.9,0.143,0.001,0.009,0.058,0.009,0.942242058283014
1770679454260,2026-02-09 23:24:14.260000,ETHUSDT,2108.8,2108.7,2108.6,2108.5,2108.4,138.059,35.566,63.478,15.016,171.389,2108.9,2109.0,2109.1,2109.2,2109.4,4.301,29.525,24.3,4.773,37.022,0.6182060986303778
1770679455265,2026-02-09 23:24:15.265000,BTCUSDT,70304.8,70304.7,70304.4,70304.0,70302.6,4.47,0.009,0.199,2.133,0.587,70304.9,70308.1,70311.0,70311.1,70311.9,0.142,0.001,0.009,0.058,0.009,0.9424970460811343
1770679455265,2026-02-09 23:24:15.265000,ETHUSDT,2108.8,2108.7,2108.6,2108.5,2108.4,75.362,35.566,110.309,14.516,125.06,2108.9,2109.0,2109.1,2109.2,2109.3,6.415,29.628,24.206,4.973,62.537,0.47701055320403135
1770679456270,2026-02-09 23:24:16.270000,BTCUSDT,70304.8,70304.7,70304.4,70304.0,70302.6,3.581,0.009,0.199,2.133,0.587,70304.9,70307.8,70311.0,70311.1,70311.9,0.785,0.001,0.009,0.058,0.009,0.7661104327770994
1770679456270,2026-02-09 23:24:16.270000,ETHUSDT,2108.8,2108.6,2108.5,2108.4,2108.3,63.82,92.129,15.016,118.804,1.034,2108.9,2109.0,2109.1,2109.2,2109.3,21.309,0.803,145.51,52.719,62.537,0.013814297492857548
1770679457273,2026-02-09 23:24:17.273000,BTCUSDT,70304.8,70304.7,70304.4,70304.0,70302.6,4.222,0.009,0.199,2.133,0.587,70304.9,70307.6,70307.7,70311.0,70311.1,0.785,0.001,0.009,0.009,0.058,0.7848227658512231
1770679457273,2026-02-09 23:24:17.273000,ETHUSDT,2108.8,2108.6,2108.5,2108.4,2108.3,15.82,76.34,52.927,67.846,2.482,2108.9,2109.0,2109.1,2109.2,2109.3,24.068,134.619,62.537,5.173,139.055,-0.25829837122783705
1770679458278,2026-02-09 23:24:18.278000,BTCUSDT,70304.8,70304.7,70304.4,70304.0,70302.6,4.222,0.031,0.199,2.133,0.587,70304.9,70307.6,70307.7,70311.0,70311.1,0.785,0.001,0.009,0.009,0.058,0.7854119990042321
1770679458278,2026-02-09 23:24:18.278000,ETHUSDT,2108.8,2108.7,2108.6,2108.5,2108.4,39.53,1.027,102.02,17.357,119.689,2108.9,2109.0,2109.1,2109.2,2109.3,24.068,99.558,62.537,45.504,139.055,-0.14007795862196218
1770679459284,2026-02-09 23:24:19.284000,BTCUSDT,70304.8,70304.4,70302.6,70302.1,70301.8,0.11,0.199,0.587,1.422,0.03,70304.9,70307.4,70307.5,70307.7,70308.1,1.939,0.005,0.009,0.009,1.422,-0.18073970690858343
1770679459284,2026-02-09 23:24:19.284000,ETHUSDT,2108.3,2108.2,2108.1,2108.0,2107.9,29.142,10.689,38.772,15.602,112.335,2108.4,2108.5,2108.6,2108.8,2108.9,24.852,5.399,202.346,81.292,86.818,-0.3197496241232974
1770679460288,2026-02-09 23:24:20.288000,BTCUSDT,70304.8,70304.4,70303.7,70303.0,70302.7,1.532,0.199,0.03,0.009,0.009,70304.9,70307.5,70308.0,70308.1,70308.5,1.937,0.009,0.009,1.422,0.002,-0.3101977510663047
1770679460288,2026-02-09 23:24:20.288000,ETHUSDT,2108.3,2108.2,2108.1,2108.0,2107.9,40.547,45.236,6.478,12.794,111.387,2108.4,2108.5,2108.6,2108.8,2108.9,22.934,6.061,104.541,40.339,87.018,-0.09312327820084437
1770679461290,2026-02-09 23:24:21.290000,BTCUSDT,70294.5,70294.2,70290.8,70290.6,70288.3,0.101,2.13,0.009,0.006,0.001,70294.6,70294.8,70296.5,70296.6,70296.7,0.183,0.25,1.845,0.006,0.042,-0.017275311611633547
1770679461290,2026-02-09 23:24:21.290000,ETHUSDT,2108.2,2107.9,2107.8,2107.6,2107.5,0.1,23.72,35.582,4.78,5.517,2108.3,2108.4,2108.5,2108.6,2108.7,1.094,193.363,106.261,81.491,67.505,-0.7316239678252181
1770679462295,2026-02-09 23:24:22.295000,BTCUSDT,70294.5,70294.3,70294.2,70293.6,70293.5,0.286,0.199,2.13,0.009,1.399,70294.6,70294.7,70296.5,70296.6,70297.1,1.95,0.009,0.009,0.006,0.001,0.34144714904968326
1770679462295,2026-02-09 23:24:22.295000,ETHUSDT,2107.8,2107.7,2107.6,2107.5,2107.4,23.717,0.982,9.555,106.339,36.962,2107.9,2108.1,2108.2,2108.3,2108.4,124.447,98.114,76.908,29.195,144.225,-0.45404984902620366
1770679463297,2026-02-09 23:24:23.297000,BTCUSDT,70278.2,70277.4,70277.3,70274.1,70273.8,0.199,0.009,0.11,0.102,0.029,70278.3,70279.1,70279.2,70280.5,70281.1,2.32,0.009,1.705,0.251,4.979,-0.9075465870482858
1770679463297,2026-02-09 23:24:23.297000,ETHUSDT,2106.7,2106.6,2106.5,2106.4,2106.3,27.542,66.527,45.666,62.537,4.737,2106.8,2106.9,2107.0,2107.1,2107.2,14.901,23.433,23.73,73.167,112.11,-0.08876857048530866
1770679464300,2026-02-09 23:24:24.300000,BTCUSDT,70287.1,70284.4,70284.3,70284.2,70283.9,0.28,0.009,0.101,4.979,0.009,70287.2,70288.3,70288.8,70289.5,70289.6,3.094,0.009,0.101,0.101,1.39,0.0678050233296933
1770679464300,2026-02-09 23:24:24.300000,ETHUSDT,2107.4,2107.3,2107.2,2107.1,2107.0,53.286,117.044,64.388,62.537,4.78,2107.5,2107.6,2107.7,2107.8,2107.9,7.153,5.504,23.722,9.269,51.542,0.5131066441229882
1770679465305,2026-02-09 23:24:25.305000,BTCUSDT,70283.8,70282.3,70282.0,70281.0,70279.5,1.645,0.009,0.001,0.003,0.002,70283.9,70285.9,70286.2,70286.3,70287.2,2.43,0.009,0.009,2.821,0.006,-0.5212689257390051
1770679465305,2026-02-09 23:24:25.305000,ETHUSDT,2107.5,2107.4,2107.3,2107.2,2107.1,42.788,66.683,69.174,112.409,0.482,2107.6,2107.7,2107.8,2107.9,2108.0,11.366,29.806,46.35,6.116,103.044,0.19428615905189905
1770679466311,2026-02-09 23:24:26.311000,BTCUSDT,70281.7,70278.2,70277.3,70274.2,70274.1,0.278,0.205,0.101,0.002,0.102,70281.8,70281.9,70282.6,70283.6,70283.8,5.577,0.004,2.134,0.002,1.705,-0.8638971315529178
1770679466311,2026-02-09 23:24:26.311000,ETHUSDT,2107.0,2106.9,2106.8,2106.7,2106.6,4.773,0.971,29.542,103.702,6.474,2107.1,2107.2,2107.3,2107.4,2107.5,29.566,129.752,5.856,0.39,67.746,-0.23192844244030714
1770679467316,2026-02-09 23:24:27.316000,BTCUSDT,70278.2,70278.1,70277.3,70276.4,70276.1,1.209,0.422,0.101,0.026,1.422,70278.3,70278.6,70278.7,70281.1,70281.5,2.066,0.009,0.015,4.979,0.002,-0.37957272461223296
1770679467316,2026-02-09 23:24:27.316000,ETHUSDT,2106.6,2106.5,2106.4,2106.3,2106.2,123.716,91.668,67.847,84.292,72.858,2106.7,2106.8,2106.9,2107.0,2107.1,9.783,1.14,5.71,47.099,96.325,0.4668658545928139
1770679468318,2026-02-09 23:24:28.318000,BTCUSDT,70277.3,70274.5,70274.3,70274.2,70274.1,0.101,0.009,0.009,0.002,0.102,70277.4,70277.5,70277.9,70278.0,70278.1,4.678,2.134,0.004,0.002,0.001,-0.9366657199659189
1770679468318,2026-02-09 23:24:28.318000,ETHUSDT,2106.6,2106.4,2106.3,2106.2,2106.1,0.269,24.485,5.628,108.467,4.818,2106.7,2106.8,2106.9,2107.0,2107.1,113.748,51.138,5.71,67.428,9.559,-0.2656
1770679469341,2026-02-09 23:24:29.341000,BTCUSDT,70277.3,70274.7,70274.6,70274.1,70272.5,0.101,0.009,1.621,0.102,0.001,70277.4,70277.8,70277.9,70278.0,70278.1,4.687,0.009,0.013,0.002,0.001,-0.43965780629392
1770679469341,2026-02-09 23:24:29.341000,ETHUSDT,2106.3,2106.2,2106.1,2106.0,2105.9,40.635,107.729,0.456,132.587,66.657,2106.4,2106.5,2106.6,2106.7,2106.8,12.971,10.559,70.09,11.313,40.381,0.41094252277158677
1770679470342,2026-02-09 23:24:30.342000,BTCUSDT,70274.1,70272.5,70270.1,70267.1,70267.0,0.001,0.001,0.101,0.009,0.002,70274.2,70274.3,70274.4,70274.6,70275.0,5.624,0.006,0.004,2.706,2.134,-0.9784661881375141
1770679470342,2026-02-09 23:24:30.342000,ETHUSDT,2106.2,2106.1,2106.0,2105.9,2105.8,48.285,67.32,35.808,3.191,180.342,2106.3,2106.4,2106.5,2106.7,2106.8,15.538,58.837,5.311,35.754,72.097,0.2821316674418116
1770679471348,2026-02-09 23:24:31.348000,BTCUSDT,70272.5,70270.2,70270.1,70270.0,70267.1,0.001,0.009,0.11,1.423,0.03,70272.6,70273.3,70273.4,70273.9,70274.4,7.062,0.009,0.009,0.002,0.002,-0.636594663278272
1770679471348,2026-02-09 23:24:31.348000,ETHUSDT,2106.7,2106.6,2106.5,2106.4,2106.3,58.095,3.591,107.697,76.518,70.811,2106.8,2107.0,2107.1,2107.2,2107.3,26.288,24.281,45.152,0.4,75.279,0.2977021667158357
1770679472353,2026-02-09 23:24:32.353000,BTCUSDT,70272.5,70271.8,70271.7,70270.9,70270.1,4.492,0.009,2.134,0.101,0.101,70272.6,70275.6,70276.1,70276.5,70278.0,0.001,0.002,0.101,0.719,0.199,0.7399160198498536
1770679472353,2026-02-09 23:24:32.353000,ETHUSDT,2106.9,2106.8,2106.7,2106.6,2106.5,116.313,35.599,80.412,127.822,77.605,2107.0,2107.1,2107.2,2107.3,2107.4,47.686,28.511,0.887,9.712,37.666,0.5572425397491698
1770679473356,2026-02-09 23:24:33.356000,BTCUSDT,70276.1,70275.8,70275.5,70275.3,70275.0,5.209,0.002,1.74,2.143,0.002,70276.2,70285.4,70287.4,70288.8,70289.5,0.001,0.049,0.002,0.101,0.101,0.9456684491978611
1770679473356,2026-02-09 23:24:33.356000,ETHUSDT,2107.2,2107.1,2107.0,2106.9,2106.8,76.438,64.406,117.974,64.403,122.89,2107.4,2107.5,2107.6,2107.7,2107.8,1.376,6.203,33.638,40.559,0.898,0.6873058048167026
1770679474358,2026-02-09 23:24:34.358000,BTCUSDT,70285.3,70285.2,70284.9,70284.2,70283.6,1.326,0.009,0.001,4.979,0.101,70285.4,70288.1,70288.8,70289.6,70289.7,1.087,1.39,0.101,0.009,0.199,0.3944794609867421
1770679474358,2026-02-09 23:24:34.358000,ETHUSDT,2107.3,2107.2,2107.1,2107.0,2106.9,61.839,66.291,53.453,56.39,63.15,2107.4,2107.5,2107.6,2107.7,2107.8,9.132,24.224,51.503,5.467,37.332,0.40455383983898535
1770679475364,2026-02-09 23:24:35.364000,BTCUSDT,70285.3,70285.2,70285.0,70284.2,70283.6,1.353,0.009,0.001,4.979,0.101,70285.4,70288.1,70288.8,70289.6,70289.7,1.087,1.39,0.101,0.009,0.199,0.39625094809838557
1770679475364,2026-02-09 23:24:35.364000,ETHUSDT,2107.3,2107.2,2107.1,2107.0,2106.9,35.83,2.681,116.036,56.544,63.15,2107.4,2107.5,2107.6,2107.7,2107.8,24.845,0.5,74.875,5.467,37.332,0.3144849733978814
1770679476366,2026-02-09 23:24:36.366000,BTCUSDT,70285.3,70285.2,70285.0,70284.2,70283.6,1.353,0.009,0.001,4.979,0.101,70285.4,70288.1,70288.8,70289.6,70289.7,1.089,1.39,0.101,0.009,0.208,0.39458874458874454
1770679476366,2026-02-09 23:24:36.366000,ETHUSDT,2107.3,2107.2,2107.1,2107.0,2106.9,33.315,2.215,80.443,91.639,63.65,2107.4,2107.6,2107.7,2107.8,2107.9,50.285,51.352,5.667,35.992,68.262,0.12365684934344064
1770679477370,2026-02-09 23:24:37.370000,BTCUSDT,70285.3,70285.2,70285.0,70284.9,70283.6,1.572,0.035,0.001,4.979,0.101,70285.4,70288.2,70288.8,70289.5,70291.4,1.087,1.39,0.101,0.199,0.009,0.41186404897614526
1770679477370,2026-02-09 23:24:37.370000,ETHUSDT,2107.3,2107.2,2107.1,2107.0,2106.9,34.741,2.503,116.036,56.044,63.65,2107.4,2107.5,2107.6,2107.7,2107.8,26.475,0.5,51.352,29.389,35.992,0.31022698364700174
1770679478373,2026-02-09 23:24:38.373000,BTCUSDT,70285.3,70285.2,70285.0,70284.9,70283.6,1.572,0.035,0.001,4.979,0.101,70285.4,70288.8,70289.1,70289.8,70290.2,1.085,0.101,0.001,0.009,1.39,0.4423118395514342
1770679478373,2026-02-09 23:24:38.373000,ETHUSDT,2107.3,2107.2,2107.1,2107.0,2106.9,34.741,2.597,116.036,56.044,63.15,2107.4,2107.6,2107.7,2107.8,2107.9,26.475,75.075,5.667,35.992,68.262,0.12622330018862113
1770679479397,2026-02-09 23:24:39.397000,BTCUSDT,70285.3,70285.2,70285.0,70284.8,70284.5,1.4,0.009,0.001,1.422,0.026,70285.4,70287.0,70287.1,70288.8,70289.1,1.226,0.009,1.431,0.101,0.001,0.01599715606114466
1770679479397,2026-02-09 23:24:39.397000,ETHUSDT,2107.3,2107.2,2107.1,2107.0,2106.9,49.603,2.597,116.036,56.544,63.15,2107.4,2107.5,2107.6,2107.7,2107.8,26.491,0.5,75.075,5.667,35.992,0.334074666110667
1770679480402,2026-02-09 23:24:40.402000,BTCUSDT,70285.3,70285.2,70285.0,70284.9,70283.6,0.749,0.009,0.001,1.422,0.101,70285.4,70287.0,70287.1,70288.7,70288.8,1.201,0.009,1.431,0.009,0.101,-0.09318497913769122
1770679480402,2026-02-09 23:24:40.402000,ETHUSDT,2107.3,2107.2,2107.1,2107.0,2106.9,32.823,133.348,94.424,107.804,89.959,2107.4,2107.5,2107.6,2107.7,2107.8,12.002,31.248,51.586,41.477,0.639,0.5398968604592566
1770679481404,2026-02-09 23:24:41.404000,BTCUSDT,70285.3,70285.2,70285.1,70283.6,70283.0,2.197,0.009,0.001,0.101,0.101,70285.4,70287.0,70287.1,70288.7,70288.8,1.201,0.009,1.431,0.009,0.101,-0.06627906976744187
1770679481404,2026-02-09 23:24:41.404000,ETHUSDT,2107.3,2107.2,2107.1,2107.0,2106.9,64.492,145.712,17.906,72.818,95.461,2107.4,2107.5,2107.6,2107.7,2107.8,12.186,31.248,51.352,6.167,35.992,0.4864568919288851
1770679482408,2026-02-09 23:24:42.408000,BTCUSDT,70285.3,70285.2,70285.1,70283.6,70283.0,0.701,1.431,0.001,0.101,0.101,70285.4,70287.0,70287.1,70288.7,70288.8,1.201,0.009,1.431,0.009,0.101,-0.08179315768777033
1770679482408,2026-02-09 23:24:42.408000,ETHUSDT,2107.3,2107.2,2107.1,2107.0,2106.9,64.488,110.12,130.017,87.803,82.02,2107.4,2107.5,2107.6,2107.7,2107.8,11.974,31.248,51.352,6.167,35.992,0.5525613525289561
1770679483414,2026-02-09 23:24:43.414000,BTCUSDT,70288.7,70287.4,70287.0,70285.6,70285.3,0.678,0.009,1.887,0.004,1.032,70288.8,70289.1,70290.9,70292.1,70292.3,1.188,0.001,0.546,0.199,0.202,0.25652627915071347
1770679483414,2026-02-09 23:24:43.414000,ETHUSDT,2107.5,2107.4,2107.3,2107.2,2107.1,116.18,49.654,132.157,78.469,86.274,2107.6,2107.7,2107.8,2107.9,2108.0,1.125,5.874,23.721,4.976,59.447,0.6589104766821361
1770679484420,2026-02-09 23:24:44.420000,BTCUSDT,70288.7,70288.6,70288.3,70288.2,70287.5,1.569,4.482,0.009,0.009,0.028,70288.8,70289.1,70291.7,70292.0,70292.3,1.188,0.001,1.391,0.009,0.202,0.371962196219622
1770679484420,2026-02-09 23:24:44.420000,ETHUSDT,2107.5,2107.4,2107.3,2107.2,2107.1,157.08,52.403,95.493,83.304,86.274,2107.6,2107.7,2107.8,2107.9,2108.0,0.281,4.78,23.954,5.201,60.541,0.6671169185208086
1770679485424,2026-02-09 23:24:45.424000,BTCUSDT,70285.7,70284.1,70283.6,70283.5,70282.9,0.002,0.737,0.101,0.003,0.009,70285.8,70287.0,70287.1,70288.5,70288.8,2.096,0.517,4.979,0.002,0.114,-0.8009345794392523
1770679485424,2026-02-09 23:24:45.424000,ETHUSDT,2107.5,2107.4,2107.3,2107.2,2107.1,7.406,47.323,19.649,26.906,111.946,2107.6,2107.7,2107.8,2107.9,2108.0,67.46,40.563,51.69,68.736,9.518,-0.054825275877277604
1770679486426,2026-02-09 23:24:46.426000,BTCUSDT,70285.7,70284.9,70283.6,70283.2,70283.1,0.011,0.009,0.101,0.003,0.026,70285.8,70286.8,70286.9,70287.0,70287.1,2.485,0.009,1.714,0.508,4.979,-0.9695276790248857
1770679486426,2026-02-09 23:24:46.426000,ETHUSDT,2107.5,2107.4,2107.3,2107.2,2107.1,5.61,3.193,38.606,46.377,111.297,2107.6,2107.7,2107.8,2107.9,2108.0,72.246,102.9,51.69,68.736,9.718,-0.196340715515907
1770679487427,2026-02-09 23:24:47.427000,BTCUSDT,70283.6,70282.4,70281.2,70280.7,70280.2,2.389,0.009,0.101,0.101,0.002,70283.7,70285.5,70285.8,70286.8,70286.9,1.91,0.002,0.391,0.009,0.009,0.05707901685963838
1770679487427,2026-02-09 23:24:47.427000,ETHUSDT,2107.5,2107.4,2107.3,2107.2,2107.1,172.103,2.221,77.416,124.744,76.46,2107.6,2107.7,2107.8,2107.9,2108.0,3.488,5.28,51.89,29.944,40.359,0.5514304552966665
1770679488432,2026-02-09 23:24:48.432000,BTCUSDT,70283.6,70282.4,70281.2,70280.7,70280.2,1.774,0.009,0.101,0.101,0.002,70283.7,70285.5,70285.8,70286.8,70286.9,1.91,0.002,0.002,0.009,0.009,0.014034192396019435
1770679488432,2026-02-09 23:24:48.432000,ETHUSDT,2107.5,2107.4,2107.3,2107.2,2107.1,30.34,71.987,79.331,116.416,124.336,2107.6,2107.7,2107.8,2107.9,2108.0,20.267,4.78,83.724,21.363,5.733,0.5132631292351287
1770679489438,2026-02-09 23:24:49.438000,BTCUSDT,70283.6,70283.2,70281.2,70280.7,70280.2,1.709,0.009,0.101,0.101,0.002,70283.7,70285.4,70285.5,70285.6,70285.8,1.996,0.009,0.011,4.955,0.002,-0.5678471051152333
1770679489438,2026-02-09 23:24:49.438000,ETHUSDT,2107.3,2107.2,2107.1,2107.0,2106.9,38.008,35.204,105.728,122.207,91.458,2107.4,2107.5,2107.6,2107.7,2107.9,12.706,84.654,19.477,51.156,68.36,0.24842994285786965
1770679490441,2026-02-09 23:24:50.441000,BTCUSDT,70283.6,70283.2,70281.4,70281.2,70280.7,1.137,0.009,1.422,0.101,0.101,70283.7,70284.9,70285.5,70285.8,70288.5,1.28,4.979,0.002,0.002,0.002,-0.38682899833978973
1770679490441,2026-02-09 23:24:50.441000,ETHUSDT,2107.3,2107.2,2107.1,2107.0,2106.9,30.399,35.204,105.728,122.207,91.458,2107.4,2107.5,2107.6,2107.7,2107.9,22.108,83.56,11.174,51.156,68.36,0.23921629216195595
1770679491445,2026-02-09 23:24:51.445000,BTCUSDT,70283.6,70283.5,70281.2,70280.7,70280.2,2.566,0.009,0.101,0.101,0.002,70283.7,70284.9,70285.5,70285.8,70287.1,1.91,2.845,0.002,0.002,0.009,-0.26354842983967147
1770679491445,2026-02-09 23:24:51.445000,ETHUSDT,2107.7,2107.6,2107.5,2107.4,2107.3,142.233,174.562,65.251,101.577,82.204,2107.8,2107.9,2108.0,2108.1,2108.2,6.072,24.814,40.358,6.453,9.629,0.7326017028169509
1770679492449,2026-02-09 23:24:52.449000,BTCUSDT,70283.6,70283.5,70282.3,70281.2,70280.7,2.566,0.009,0.026,0.101,0.101,70283.7,70284.9,70285.5,70285.8,70287.1,1.91,2.845,0.002,0.002,0.009,-0.2595429929996038
1770679492449,2026-02-09 23:24:52.449000,ETHUSDT,2107.7,2107.6,2107.5,2107.4,2107.3,142.233,173.613,66.2,101.577,82.204,2107.8,2107.9,2108.0,2108.1,2108.2,3.448,24.814,40.358,6.453,9.629,0.7395903948940017
1770679493451,2026-02-09 23:24:53.451000,BTCUSDT,70283.6,70283.5,70281.2,70280.7,70280.2,2.633,0.009,0.101,0.101,0.002,70283.7,70284.9,70285.5,70285.7,70285.8,1.928,2.845,0.002,0.009,0.002,-0.25419287211740044
1770679493451,2026-02-09 23:24:53.451000,ETHUSDT,2107.7,2107.6,2107.5,2107.4,2107.3,177.816,61.01,66.2,102.077,82.004,2107.8,2107.9,2108.0,2108.1,2108.2,6.072,25.314,40.358,5.953,9.629,0.6970124888755501
1770679494456,2026-02-09 23:24:54.456000,BTCUSDT,70297.5,70293.5,70292.5,70291.8,70290.9,2.932,4.978,0.643,0.101,0.002,70297.6,70299.9,70300.6,70300.9,70301.3,1.301,1.422,0.031,0.002,0.101,0.5036914791974292
1770679494456,2026-02-09 23:24:54.456000,ETHUSDT,2108.6,2108.5,2108.4,2108.3,2108.2,105.959,69.641,51.688,70.432,9.722,2108.7,2109.0,2109.1,2109.2,2109.3,3.448,24.545,5.313,40.806,0.713,0.608519699581706
1770679495462,2026-02-09 23:24:55.462000,BTCUSDT,70293.8,70291.9,70291.8,70290.9,70290.7,0.002,0.003,0.101,0.854,0.206,70293.9,70294.3,70295.7,70296.0,70297.6,2.437,0.006,0.101,4.407,0.259,-0.7215854823304682
1770679495462,2026-02-09 23:24:55.462000,ETHUSDT,2108.9,2108.8,2108.7,2108.6,2108.5,10.464,28.492,3.198,114.124,5.286,2109.0,2109.1,2109.2,2109.3,2109.4,47.114,35.56,4.777,23.665,62.737,-0.03663797601194935
1770679496466,2026-02-09 23:24:56.466000,BTCUSDT,70292.0,70291.0,70290.9,70290.7,70290.3,0.011,0.009,0.001,0.101,0.199,70292.1,70293.8,70293.9,70295.6,70295.7,4.214,0.009,0.376,0.03,0.101,-0.8728964561472977
1770679496466,2026-02-09 23:24:56.466000,ETHUSDT,2108.9,2108.7,2108.6,2108.5,2108.4,0.865,4.184,63.978,40.71,66.442,2109.0,2109.1,2109.2,2109.3,2109.4,61.8,51.687,45.885,63.472,0.2,-0.11739053110667474
1770679497472,2026-02-09 23:24:57.472000,BTCUSDT,70292.0,70291.0,70290.9,70290.7,70288.6,0.011,0.009,0.001,0.101,4.04,70292.1,70293.8,70293.9,70294.0,70295.2,2.362,1.4,0.262,1.431,0.199,-0.15199674001629992
1770679497472,2026-02-09 23:24:57.472000,ETHUSDT,2108.9,2108.8,2108.7,2108.6,2108.5,0.848,4.135,23.711,102.803,118.581,2109.0,2109.1,2109.2,2109.3,2109.4,52.137,51.687,45.658,63.472,0.2,0.07970951920420001
1770679498473,2026-02-09 23:24:58.473000,BTCUSDT,70292.0,70291.0,70290.7,70288.6,70287.6,0.087,0.01,0.101,4.04,0.03,70292.1,70293.2,70293.8,70293.9,70294.0,2.362,0.009,1.4,0.262,1.422,-0.12208166203846535
1770679498473,2026-02-09 23:24:58.473000,ETHUSDT,2108.9,2108.8,2108.6,2108.5,2108.4,4.023,24.703,102.803,118.081,70.769,2109.0,2109.1,2109.2,2109.3,2109.4,52.137,51.687,45.658,63.472,0.2,0.2009716362436813
1770679499474,2026-02-09 23:24:59.474000,BTCUSDT,70292.0,70291.2,70291.1,70290.7,70290.1,1.017,0.009,0.001,0.101,4.979,70292.1,70295.7,70296.0,70296.2,70299.6,1.226,0.101,1.422,0.003,0.009,0.3773116824537664
1770679499474,2026-02-09 23:24:59.474000,ETHUSDT,2108.9,2108.8,2108.6,2108.5,2108.4,4.829,23.71,138.371,82.511,70.269,2109.0,2109.1,2109.2,2109.3,2109.4,27.93,51.687,33.415,99.028,0.2,0.2019550709653164
1770679500478,2026-02-09 23:25:00.478000,BTCUSDT,70292.0,70291.2,70291.1,70290.7,70290.1,1.015,0.009,0.001,0.101,4.979,70292.1,70294.9,70295.6,70295.7,70296.0,1.226,1.391,0.009,0.11,1.431,0.18866822429906543
1770679500478,2026-02-09 23:25:00.478000,ETHUSDT,2108.9,2108.8,2108.6,2108.5,2108.4,0.848,26.901,138.371,83.959,69.321,2109.0,2109.1,2109.2,2109.3,2109.4,27.934,75.393,9.71,99.028,0.2,0.20150846867858518
1770679501484,2026-02-09 23:25:01.484000,BTCUSDT,70292.0,70291.2,70290.7,70290.1,70288.7,1.002,0.01,0.101,4.979,0.027,70292.1,70294.9,70295.6,70295.7,70296.0,1.869,1.391,0.009,0.11,1.431,0.11977308079421731
1770679501484,2026-02-09 23:25:01.484000,ETHUSDT,2108.9,2108.8,2108.7,2108.6,2108.5,0.848,4.201,23.711,102.803,119.529,2109.0,2109.1,2109.2,2109.3,2109.4,27.553,75.557,9.71,99.028,0.64,0.08327365287544758
1770679502488,2026-02-09 23:25:02.488000,BTCUSDT,70292.0,70291.2,70290.7,70290.1,70289.0,0.12,0.001,0.101,4.979,0.03,70292.1,70294.8,70294.9,70295.6,70295.7,1.869,0.009,1.4,0.009,0.101,0.21382991066249
1770679502488,2026-02-09 23:25:02.488000,ETHUSDT,2108.9,2108.8,2108.7,2108.6,2108.5,0.844,0.867,2.819,126.887,42.511,2109.0,2109.1,2109.2,2109.3,2109.4,59.405,87.411,9.71,63.472,0.64,-0.11838323626465536
1770679503494,2026-02-09 23:25:03.494000,BTCUSDT,70285.0,70284.2,70283.7,70283.6,70282.3,0.009,0.199,0.009,0.202,1.422,70285.1,70287.7,70287.8,70287.9,70289.1,2.58,0.009,1.714,4.979,0.101,-0.671952957947256
1770679503494,2026-02-09 23:25:03.494000,ETHUSDT,2108.3,2108.2,2108.1,2108.0,2107.9,5.531,22.901,8.268,29.6,46.84,2108.4,2108.5,2108.6,2108.7,2108.8,104.843,4.942,64.031,5.465,119.148,-0.4502015457918356
1770679504498,2026-02-09 23:25:04.498000,BTCUSDT,70284.2,70283.6,70281.9,70281.2,70280.7,0.217,0.202,0.002,0.101,0.101,70284.3,70285.1,70287.3,70287.4,70289.1,1.937,0.009,0.009,4.979,0.101,-0.8372943327239487
1770679504498,2026-02-09 23:25:04.498000,ETHUSDT,2108.3,2108.2,2108.1,2108.0,2107.9,45.453,123.855,82.329,70.626,12.512,2108.4,2108.5,2108.6,2108.7,2108.8,3.376,0.164,75.748,6.559,5.473,0.5713631936539975
1770679505504,2026-02-09 23:25:05.504000,BTCUSDT,70284.2,70283.6,70281.9,70281.5,70281.2,2.798,0.202,0.002,0.028,0.101,70284.3,70289.1,70290.7,70290.8,70291.1,0.711,0.101,0.009,0.208,1.392,0.12788184438040345
1770679505504,2026-02-09 23:25:05.504000,ETHUSDT,2108.7,2108.6,2108.5,2108.4,2108.3,72.331,144.962,82.931,62.737,99.844,2108.8,2109.1,2109.2,2109.3,2109.4,0.186,10.859,34.443,35.71,62.537,0.5260493949286115
1770679506509,2026-02-09 23:25:06.509000,BTCUSDT,70291.2,70289.2,70289.0,70287.9,70286.1,1.552,4.923,0.002,0.027,0.001,70291.3,70292.6,70293.5,70295.3,70295.4,1.782,0.199,0.002,0.009,0.058,0.5207481005260082
1770679506509,2026-02-09 23:25:06.509000,ETHUSDT,2109.4,2109.3,2109.2,2109.1,2109.0,85.529,1.978,24.4,95.32,17.371,2109.5,2109.6,2109.7,2109.8,2109.9,48.732,31.679,40.887,9.543,85.092,0.01966944437508369
1770679507512,2026-02-09 23:25:07.512000,BTCUSDT,70299.9,70296.7,70296.0,70295.6,70295.3,0.086,0.006,4.978,0.004,0.921,70300.0,70301.1,70301.3,70302.5,70303.6,2.561,0.009,0.101,0.009,0.019,0.3791120312859443
1770679507512,2026-02-09 23:25:07.512000,ETHUSDT,2109.7,2109.6,2109.5,2109.4,2109.3,37.797,14.991,101.761,69.311,63.985,2109.8,2109.9,2110.0,2110.1,2110.2,103.847,1.414,67.848,60.831,63.147,-0.015800127194272186
1770679508516,2026-02-09 23:25:08.516000,BTCUSDT,70295.3,70293.8,70293.5,70293.4,70293.3,0.001,1.422,0.003,0.009,0.101,70295.4,70296.0,70296.1,70299.1,70299.7,3.902,0.009,1.545,2.133,0.004,-0.6634899769963852
1770679508516,2026-02-09 23:25:08.516000,ETHUSDT,2109.2,2109.1,2109.0,2108.9,2108.8,84.292,54.265,75.326,81.845,73.501,2109.3,2109.4,2109.5,2109.6,2109.7,6.141,15.29,90.102,0.119,0.365,0.5344709358623241
1770679509522,2026-02-09 23:25:09.522000,BTCUSDT,70283.6,70281.2,70280.7,70278.6,70276.7,2.145,0.101,0.101,0.001,0.006,70283.7,70284.9,70285.0,70287.7,70287.8,1.337,0.009,0.53,0.009,0.248,0.049253398707376786
1770679509522,2026-02-09 23:25:09.522000,ETHUSDT,2109.1,2109.0,2108.9,2108.8,2108.7,4.775,10.509,72.417,15.907,53.706,2109.2,2109.3,2109.4,2109.5,2109.6,27.474,83.456,114.198,9.549,62.691,-0.30802626890881973
1770679510528,2026-02-09 23:25:10.528000,BTCUSDT,70284.8,70283.6,70281.2,70280.7,70276.7,0.557,1.644,0.101,0.101,0.006,70284.9,70285.6,70285.7,70288.9,70289.4,1.382,0.009,4.988,0.101,0.002,-0.4581037003711619
1770679510528,2026-02-09 23:25:10.528000,ETHUSDT,2109.0,2108.9,2108.8,2108.7,2108.6,5.492,47.334,38.724,53.591,67.927,2109.1,2109.2,2109.4,2109.5,2109.6,105.955,63.337,51.815,10.442,67.274,-0.16752589906835635
1770679511533,2026-02-09 23:25:11.533000,BTCUSDT,70284.8,70283.6,70281.6,70280.7,70280.3,0.557,1.543,0.003,0.101,0.199,70284.9,70285.6,70285.7,70287.1,70287.8,1.382,1.871,4.988,1.39,0.028,-0.6015586138285525
1770679511533,2026-02-09 23:25:11.533000,ETHUSDT,2108.9,2108.8,2108.7,2108.6,2108.5,29.237,77.397,97.463,69.431,80.952,2109.0,2109.1,2109.2,2109.3,2109.4,105.87,1.486,118.973,0.43,0.154,0.21941612644115072
1770679512536,2026-02-09 23:25:12.536000,BTCUSDT,70283.7,70283.6,70282.7,70281.6,70280.7,0.721,1.543,0.028,0.003,0.101,70283.8,70284.5,70284.6,70284.9,70285.6,1.867,0.009,0.004,0.31,1.862,-0.25682382133995035
1770679512536,2026-02-09 23:25:12.536000,ETHUSDT,2108.9,2108.8,2108.7,2108.6,2108.5,29.233,78.364,97.463,69.662,80.952,2109.0,2109.1,2109.2,2109.3,2109.4,106.974,0.4,118.973,0.43,0.154,0.22097819277211828
1770679513541,2026-02-09 23:25:13.541000,BTCUSDT,70283.7,70283.6,70280.7,70280.3,70279.0,0.72,1.543,0.129,0.199,1.39,70283.8,70284.5,70284.6,70284.9,70285.6,2.128,0.009,0.013,0.053,0.157,0.2556379120012617
1770679513541,2026-02-09 23:25:13.541000,ETHUSDT,2108.5,2108.4,2108.3,2108.2,2108.1,35.57,4.737,7.84,79.654,1.65,2108.8,2109.0,2109.1,2109.2,2109.3,89.817,114.178,62.537,9.551,64.635,-0.4493426831628627
1770679514543,2026-02-09 23:25:14.543000,BTCUSDT,70280.3,70280.1,70279.5,70278.8,70278.4,3.252,0.026,0.101,0.006,0.009,70280.4,70282.3,70283.4,70283.7,70283.8,1.207,4.979,0.002,0.009,0.002,-0.29240070885020336
1770679514543,2026-02-09 23:25:14.543000,ETHUSDT,2108.8,2108.7,2108.6,2108.5,2108.4,77.778,102.88,128.328,77.453,92.463,2108.9,2109.0,2109.1,2109.2,2109.3,7.787,23.707,26.534,4.968,1.082,0.7639765737227892
1770679515546,2026-02-09 23:25:15.546000,BTCUSDT,70280.3,70280.1,70279.5,70278.8,70278.4,3.254,0.026,0.101,0.006,0.009,70280.4,70282.3,70283.4,70283.7,70283.8,1.207,4.979,0.011,0.009,0.011,-0.29345677728076575
1770679515546,2026-02-09 23:25:15.546000,ETHUSDT,2108.8,2108.7,2108.6,2108.5,2108.4,90.747,107.44,129.122,75.189,147.327,2108.9,2109.1,2109.2,2109.3,2109.4,6.295,20.747,28.682,6.891,35.709,0.6966006273248897
1770679516552,2026-02-09 23:25:16.552000,BTCUSDT,70292.7,70291.8,70288.7,70288.6,70288.5,1.925,4.978,0.047,0.003,0.027,70292.8,70295.7,70295.8,70297.5,70298.6,1.809,0.009,0.11,1.399,0.005,0.3537626066718386
1770679516552,2026-02-09 23:25:16.552000,ETHUSDT,2109.1,2109.0,2108.9,2108.8,2108.7,89.571,64.783,5.336,145.584,73.316,2109.2,2109.3,2109.4,2109.5,2109.6,19.151,24.359,10.095,15.468,99.324,0.3842742149264974
1770679517553,2026-02-09 23:25:17.553000,BTCUSDT,70292.7,70291.8,70291.4,70290.4,70288.7,1.956,4.978,0.101,0.001,0.047,70292.8,70295.8,70297.5,70298.6,70299.2,0.094,0.101,1.39,0.011,0.009,0.6305248618784531
1770679517553,2026-02-09 23:25:17.553000,ETHUSDT,2109.3,2109.2,2109.1,2109.0,2108.8,99.322,3.848,18.884,115.639,92.235,2109.4,2109.5,2109.6,2109.7,2109.8,10.41,28.978,1.236,6.046,86.383,0.425233432905454
1770679518559,2026-02-09 23:25:18.559000,BTCUSDT,70295.7,70292.7,70291.8,70291.4,70290.7,1.339,0.276,4.978,0.101,0.001,70295.8,70297.4,70297.5,70298.6,70298.9,3.596,0.009,1.399,0.002,0.003,0.14405331510594674
1770679518559,2026-02-09 23:25:18.559000,ETHUSDT,2109.3,2109.2,2109.1,2109.0,2108.9,51.466,36.571,13.194,115.158,6.322,2109.4,2109.5,2109.6,2109.7,2109.8,48.635,4.776,43.103,41.596,77.897,0.015280886583181013
1770679519561,2026-02-09 23:25:19.561000,BTCUSDT,70295.7,70292.7,70291.8,70291.4,70291.3,1.339,0.276,4.978,0.101,0.028,70295.8,70297.4,70297.5,70298.6,70298.9,3.596,0.009,1.399,0.002,0.003,0.14602335691756888
1770679519561,2026-02-09 23:25:19.561000,ETHUSDT,2109.3,2109.2,2109.1,2109.0,2108.9,51.466,36.571,13.194,115.158,6.322,2109.4,2109.5,2109.6,2109.7,2109.8,48.635,10.085,42.893,36.287,77.897,0.015767101170332094
1770679520563,2026-02-09 23:25:20.563000,BTCUSDT,70298.5,70295.7,70295.5,70294.6,70291.4,1.565,0.325,4.978,0.027,0.102,70298.6,70299.9,70301.3,70301.5,70302.7,3.342,0.009,0.11,2.182,0.003,0.10685754963220753
1770679520563,2026-02-09 23:25:20.563000,ETHUSDT,2109.4,2109.3,2109.2,2109.1,2109.0,74.171,39.048,62.537,92.444,114.299,2109.5,2109.6,2109.7,2109.8,2109.9,24.148,65.859,5.309,50.072,1.236,0.44578481751880006
1770679521568,2026-02-09 23:25:21.568000,BTCUSDT,70298.5,70295.7,70295.5,70293.1,70291.4,1.565,0.325,4.978,0.002,0.101,70298.6,70298.8,70299.9,70300.0,70301.3,2.534,0.009,0.009,1.422,0.101,0.2621763534311063
1770679521568,2026-02-09 23:25:21.568000,ETHUSDT,2109.4,2109.3,2109.2,2109.1,2109.0,75.886,42.847,114.19,93.621,62.645,2109.5,2109.6,2109.7,2109.8,2109.9,23.693,66.306,5.309,14.914,36.782,0.4516750498421277
1770679522573,2026-02-09 23:25:22.573000,BTCUSDT,70294.6,70294.5,70293.8,70293.0,70292.4,8.929,0.008,2.133,0.208,0.028,70294.7,70300.0,70304.2,70304.5,70305.5,0.002,1.422,0.009,0.278,0.009,0.7359127898050055
1770679522573,2026-02-09 23:25:22.573000,ETHUSDT,2109.6,2109.5,2109.4,2109.3,2109.2,59.015,98.938,21.148,63.985,128.171,2109.7,2109.8,2109.9,2110.0,2110.1,23.885,50.935,23.851,98.282,16.16,0.2706230641545596
1770679523576,2026-02-09 23:25:23.576000,BTCUSDT,70294.6,70294.5,70293.8,70293.0,70292.8,7.489,0.008,2.133,0.208,0.031,70294.7,70300.0,70303.2,70303.3,70304.2,0.002,1.422,0.009,0.11,0.009,0.7282199457140356
1770679523576,2026-02-09 23:25:23.576000,ETHUSDT,2109.4,2109.2,2109.1,2109.0,2108.9,28.351,0.968,60.189,50.19,62.737,2109.5,2109.6,2109.7,2109.8,2109.9,113.325,46.966,68.853,14.319,4.937,-0.10195526079386036
1770679524578,2026-02-09 23:25:24.578000,BTCUSDT,70294.6,70294.5,70293.8,70293.0,70292.8,8.915,0.008,2.133,0.208,0.031,70294.7,70300.0,70303.2,70303.3,70304.2,0.002,1.422,0.009,0.11,0.009,0.7583871721024363
1770679524578,2026-02-09 23:25:24.578000,ETHUSDT,2109.4,2109.3,2109.1,2109.0,2108.9,28.351,0.983,26.18,82.743,65.349,2109.5,2109.6,2109.7,2109.8,2109.9,80.58,46.966,99.094,14.319,4.937,-0.09408189507499409
1770679525583,2026-02-09 23:25:25.583000,BTCUSDT,70294.6,70294.0,70293.2,70293.0,70291.4,1.157,0.029,1.422,0.103,0.101,70294.7,70298.0,70298.1,70298.2,70300.6,1.319,0.009,1.831,4.587,1.39,-0.5292936056243723
1770679525583,2026-02-09 23:25:25.583000,ETHUSDT,2108.2,2108.1,2108.0,2107.9,2107.8,27.976,11.801,94.029,74.113,77.018,2108.3,2108.4,2108.5,2108.6,2108.7,5.855,1.394,67.311,128.038,1.111,0.16623076828624403
1770679526587,2026-02-09 23:25:26.587000,BTCUSDT,70289.8,70288.9,70288.8,70288.3,70287.0,2.481,0.014,0.199,0.101,0.047,70289.9,70290.8,70291.1,70291.2,70291.4,2.252,0.009,0.009,0.002,0.248,0.06005221932114885
1770679526587,2026-02-09 23:25:26.587000,ETHUSDT,2107.9,2107.8,2107.7,2107.6,2107.5,34.736,0.878,68.237,40.619,2.008,2108.0,2108.1,2108.2,2108.3,2108.4,25.043,62.761,52.585,106.84,0.154,-0.25619444423286386
1770679527590,2026-02-09 23:25:27.590000,BTCUSDT,70279.5,70277.6,70275.4,70275.1,70272.5,0.101,0.28,0.199,0.047,0.102,70279.6,70280.5,70280.8,70282.0,70284.8,2.151,0.006,0.006,4.979,0.046,-0.8158393330807123
1770679527590,2026-02-09 23:25:27.590000,ETHUSDT,2107.7,2107.6,2107.5,2107.4,2107.3,5.079,0.1,30.137,6.564,122.0,2107.8,2107.9,2108.0,2108.1,2108.2,21.372,145.557,9.952,63.645,52.752,-0.283048749010189
1770679528594,2026-02-09 23:25:28.594000,BTCUSDT,70272.5,70256.1,70255.5,70251.1,70250.7,0.001,0.001,0.002,0.101,0.006,70272.6,70273.4,70274.0,70274.3,70275.7,7.66,2.143,2.283,0.002,0.003,-0.9818062612686443
1770679528594,2026-02-09 23:25:28.594000,ETHUSDT,2107.6,2106.2,2106.1,2106.0,2105.9,0.1,34.252,47.225,65.552,4.737,2107.7,2107.8,2107.9,2108.0,2108.1,301.231,175.231,62.537,158.598,66.953,-0.6685653676932747
1770679529597,2026-02-09 23:25:29.597000,BTCUSDT,70250.0,70248.6,70247.5,70246.0,70242.7,1.427,0.101,0.002,0.028,0.278,70250.1,70250.6,70250.7,70251.2,70251.3,7.317,0.009,1.714,0.009,1.39,-0.7008553971486762
1770679529597,2026-02-09 23:25:29.597000,ETHUSDT,2106.0,2105.9,2105.8,2105.7,2105.6,88.25,49.404,11.61,4.912,149.543,2106.1,2106.2,2106.3,2106.4,2106.5,19.792,69.967,88.07,63.337,61.214,0.0022092100465436427
1770679530598,2026-02-09 23:25:30.598000,BTCUSDT,70250.0,70249.0,70248.6,70247.5,70246.3,0.002,1.423,0.101,0.002,0.029,70250.1,70250.6,70250.7,70251.3,70254.2,7.051,0.009,0.009,1.39,0.265,-0.6971111759556463
1770679530598,2026-02-09 23:25:30.598000,ETHUSDT,2106.0,2105.9,2105.8,2105.7,2105.6,137.889,87.129,73.195,4.375,144.156,2106.1,2106.2,2106.3,2106.4,2106.5,1.594,4.78,54.215,63.337,61.214,0.414006368257465
1770679531601,2026-02-09 23:25:31.601000,BTCUSDT,70238.2,70237.9,70237.8,70236.8,70236.3,7.712,0.101,0.101,2.135,0.005,70238.3,70243.1,70250.1,70250.6,70251.8,0.002,0.002,0.624,0.009,0.046,0.8727763807394989
1770679531601,2026-02-09 23:25:31.601000,ETHUSDT,2106.0,2105.9,2105.8,2105.7,2105.6,73.365,103.106,81.621,114.041,135.853,2106.1,2106.3,2106.4,2106.5,2106.6,0.012,0.23,23.973,42.362,5.887,0.750317856835214
1770679532605,2026-02-09 23:25:32.605000,BTCUSDT,70250.0,70247.1,70246.6,70245.1,70245.0,1.55,0.006,0.277,0.025,4.982,70250.1,70250.4,70250.5,70251.0,70251.8,1.949,0.009,0.208,1.423,0.046,0.30596658711217184
1770679532605,2026-02-09 23:25:32.605000,ETHUSDT,2106.3,2106.2,2106.1,2106.0,2105.9,46.036,0.2,72.281,49.093,115.154,2106.4,2106.5,2106.6,2106.7,2106.8,28.221,14.05,30.121,2.087,107.646,0.21647963277255433
1770679533606,2026-02-09 23:25:33.606000,BTCUSDT,70250.0,70247.0,70245.1,70245.0,70243.7,0.703,0.002,0.025,4.982,0.026,70250.1,70250.5,70250.8,70251.7,70251.8,1.564,0.199,1.423,0.009,0.055,0.2768135291499777
1770679533606,2026-02-09 23:25:33.606000,ETHUSDT,2106.4,2106.3,2106.2,2106.1,2106.0,75.583,107.956,8.098,119.933,86.583,2106.5,2106.6,2106.7,2106.8,2106.9,6.361,11.643,24.233,45.109,4.979,0.6235305151301385
1770679534609,2026-02-09 23:25:34.609000,BTCUSDT,70241.5,70236.3,70234.9,70234.3,70233.6,0.001,0.033,2.673,0.002,0.101,70241.6,70242.7,70242.8,70242.9,70243.3,3.971,0.009,0.11,0.009,1.391,-0.32289156626506027
1770679534609,2026-02-09 23:25:34.609000,ETHUSDT,2106.0,2105.8,2105.7,2105.3,2105.1,0.196,0.324,0.079,70.138,2.413,2106.1,2106.2,2106.3,2106.4,2106.5,174.867,116.908,63.641,76.518,79.585,-0.7497729484545955
1770679535611,2026-02-09 23:25:35.611000,BTCUSDT,70241.5,70236.3,70234.9,70233.6,70232.8,0.001,0.005,2.673,0.101,0.002,70241.6,70242.1,70242.2,70242.7,70242.8,4.173,0.009,0.011,0.009,0.101,-0.21467889908256896
1770679535611,2026-02-09 23:25:35.611000,ETHUSDT,2105.5,2105.2,2105.1,2105.0,2104.9,0.911,34.494,90.128,72.583,5.944,2105.6,2105.7,2105.8,2105.9,2106.0,140.886,64.378,4.936,76.54,77.626,-0.2820173602192722
1770679536617,2026-02-09 23:25:36.617000,BTCUSDT,70236.3,70232.9,70232.2,70229.8,70228.9,0.652,1.423,0.002,0.002,0.006,70236.4,70237.1,70237.2,70241.3,70241.5,5.424,0.009,2.144,0.004,0.003,-0.568724790567794
1770679536617,2026-02-09 23:25:36.617000,ETHUSDT,2105.5,2105.4,2105.3,2105.2,2105.1,26.876,0.2,3.147,126.87,76.518,2105.6,2105.8,2105.9,2106.0,2106.1,104.571,40.397,76.894,1.108,78.416,-0.12668295336235522
1770679537621,2026-02-09 23:25:37.621000,BTCUSDT,70236.3,70232.9,70232.2,70232.0,70229.8,0.65,1.423,0.002,0.026,0.002,70236.4,70236.5,70237.1,70237.2,70241.3,5.356,0.009,0.009,2.135,0.004,-0.562603993344426
1770679537621,2026-02-09 23:25:37.621000,ETHUSDT,2105.7,2105.6,2105.5,2105.4,2105.3,61.165,101.968,86.941,62.537,79.389,2105.8,2106.0,2106.1,2106.2,2106.3,91.02,1.608,73.387,40.39,62.737,0.1858269479173914
1770679538626,2026-02-09 23:25:38.626000,BTCUSDT,70236.3,70232.9,70232.2,70229.8,70229.7,0.65,1.423,0.002,0.002,0.003,70236.4,70236.5,70237.1,70237.2,70241.3,5.605,0.009,0.009,2.135,0.004,-0.5773216825848405
1770679538626,2026-02-09 23:25:38.626000,ETHUSDT,2105.7,2105.6,2105.5,2105.4,2105.3,42.529,1.56,48.69,63.037,79.389,2105.8,2106.0,2106.1,2106.2,2106.3,99.905,1.608,109.197,4.781,62.537,-0.08343773685635966
1770679539633,2026-02-09 23:25:39.633000,BTCUSDT,70236.3,70232.9,70232.6,70232.2,70229.8,0.65,1.423,0.029,0.002,0.002,70236.4,70236.5,70236.6,70241.3,70241.5,6.848,0.009,0.009,0.004,0.003,-0.530905446040762
1770679539633,2026-02-09 23:25:39.633000,ETHUSDT,2105.7,2105.6,2105.5,2105.4,2105.3,85.495,63.185,91.73,114.234,80.339,2105.8,2106.0,2106.1,2106.2,2106.3,49.464,23.741,10.658,40.39,62.691,0.3988233345714207
1770679540639,2026-02-09 23:25:40.639000,BTCUSDT,70236.3,70232.9,70232.8,70232.2,70229.8,0.65,1.423,0.026,0.002,0.002,70236.4,70236.5,70236.6,70237.2,70241.3,5.356,0.009,0.009,2.135,0.004,-0.562603993344426
1770679540639,2026-02-09 23:25:40.639000,ETHUSDT,2105.7,2105.6,2105.5,2105.4,2105.3,81.845,66.334,91.73,114.234,80.339,2105.8,2105.9,2106.0,2106.1,2106.2,1.586,4.78,75.443,10.658,40.39,0.5316486263063178
1770679541646,2026-02-09 23:25:41.646000,BTCUSDT,70236.3,70231.6,70229.8,70229.5,70228.6,0.745,0.026,0.002,4.982,0.101,70236.4,70236.5,70236.6,70241.0,70241.3,5.608,0.009,0.009,3.84,0.004,-0.2358084301187525
1770679541646,2026-02-09 23:25:41.646000,ETHUSDT,2105.7,2105.5,2105.4,2105.3,2105.2,52.232,45.254,63.191,79.389,83.145,2105.8,2105.9,2106.0,2106.1,2106.2,98.406,4.98,1.237,108.459,10.791,0.1815772349401554
1770679542652,2026-02-09 23:25:42.652000,BTCUSDT,70229.8,70229.5,70228.6,70228.3,70227.9,1.025,1.423,0.101,0.047,0.002,70229.9,70230.0,70231.6,70233.5,70233.6,4.867,0.101,0.101,1.705,0.006,-0.4459373000639796
1770679542652,2026-02-09 23:25:42.652000,ETHUSDT,2105.2,2105.1,2105.0,2104.9,2104.8,102.105,1.512,70.424,136.1,63.749,2105.3,2105.4,2105.5,2105.6,2105.7,12.459,47.556,150.966,20.164,62.737,0.11981334946658438
1770679543656,2026-02-09 23:25:43.656000,BTCUSDT,70229.8,70228.9,70228.6,70227.9,70227.6,0.648,0.028,0.101,0.002,0.278,70229.9,70230.0,70231.5,70231.6,70233.0,5.532,0.11,0.009,0.101,2.135,-0.7636404293381037
1770679543656,2026-02-09 23:25:43.656000,ETHUSDT,2105.2,2105.1,2105.0,2104.9,2104.8,48.968,36.539,8.016,61.616,63.749,2105.3,2105.4,2105.5,2105.6,2105.7,20.09,129.511,67.852,24.455,63.147,-0.16445872928925476
1770679544658,2026-02-09 23:25:44.658000,BTCUSDT,70229.8,70227.9,70227.6,70226.3,70225.8,0.003,0.002,0.278,0.003,0.002,70229.9,70230.0,70231.5,70231.6,70232.7,4.076,0.11,0.009,0.101,0.028,-0.8751084128360797
1770679544658,2026-02-09 23:25:44.658000,ETHUSDT,2105.2,2105.1,2105.0,2104.9,2104.8,43.204,0.919,35.883,69.103,63.299,2105.3,2105.4,2105.5,2105.6,2105.7,162.903,49.512,67.852,24.609,63.147,-0.26810249624847743
1770679545660,2026-02-09 23:25:45.660000,BTCUSDT,70229.8,70228.7,70227.9,70227.8,70226.4,0.003,0.029,0.002,0.319,0.199,70229.9,70230.0,70231.0,70231.1,70231.6,4.121,0.11,0.009,1.391,0.101,-0.8243157224697646
1770679545660,2026-02-09 23:25:45.660000,ETHUSDT,2105.1,2105.0,2104.9,2104.8,2104.7,9.428,59.635,69.103,63.727,91.146,2105.2,2105.3,2105.4,2105.5,2105.6,18.855,144.175,47.127,67.852,24.609,-0.016081402552139922
1770679546666,2026-02-09 23:25:46.666000,BTCUSDT,70229.8,70228.3,70227.9,70226.4,70226.3,0.003,0.03,0.002,0.199,0.003,70229.9,70230.0,70231.0,70231.1,70231.6,4.053,0.11,0.009,1.391,0.101,-0.9196746314184037
1770679546666,2026-02-09 23:25:46.666000,ETHUSDT,2105.0,2104.9,2104.8,2104.7,2104.6,39.844,4.794,98.231,92.095,120.563,2105.1,2105.2,2105.3,2105.4,2105.5,39.554,62.573,5.55,36.01,63.934,0.26264143706450166
1770679547671,2026-02-09 23:25:47.671000,BTCUSDT,70229.8,70227.9,70227.6,70226.4,70226.3,0.648,0.002,0.03,0.199,0.003,70229.9,70230.0,70231.0,70231.1,70231.6,4.053,0.11,0.009,1.391,0.101,-0.7305224564619616
1770679547671,2026-02-09 23:25:47.671000,ETHUSDT,2105.0,2104.8,2104.7,2104.6,2104.5,39.429,0.062,40.493,6.157,146.925,2105.1,2105.2,2105.4,2105.5,2105.6,45.771,51.584,35.776,62.537,24.633,0.02815599723844041
1770679548678,2026-02-09 23:25:48.678000,BTCUSDT,70229.8,70229.5,70228.7,70228.4,70227.9,1.372,1.423,0.028,0.101,0.002,70229.9,70230.0,70231.0,70231.1,70231.6,3.057,0.11,0.009,1.391,0.101,-0.22939162496707935
1770679548678,2026-02-09 23:25:48.678000,ETHUSDT,2105.3,2105.1,2105.0,2104.9,2104.8,105.515,64.71,70.24,62.639,146.477,2105.4,2105.5,2105.6,2105.7,2105.8,60.341,25.342,10.196,98.154,10.418,0.3747981750128434
1770679549684,2026-02-09 23:25:49.684000,BTCUSDT,70229.8,70229.5,70228.4,70228.1,70227.9,1.372,1.423,0.101,0.028,0.002,70229.9,70230.0,70231.0,70231.1,70231.6,3.027,0.11,0.009,1.391,0.101,-0.22633527234267586
1770679549684,2026-02-09 23:25:49.684000,ETHUSDT,2105.3,2105.2,2105.1,2105.0,2104.9,45.277,4.758,98.364,66.471,70.197,2105.4,2105.5,2105.6,2105.7,2105.8,68.979,25.342,10.196,98.581,10.643,0.14299289506182739
1770679550690,2026-02-09 23:25:50.690000,BTCUSDT,70236.3,70233.2,70232.9,70231.6,70230.5,1.968,0.002,4.982,0.101,0.278,70236.4,70238.1,70239.9,70240.2,70240.3,0.627,1.391,0.199,0.009,0.003,0.5336820083682009
1770679550690,2026-02-09 23:25:50.690000,ETHUSDT,2105.5,2105.4,2105.3,2105.2,2105.1,133.168,39.221,87.951,86.986,114.464,2105.6,2105.7,2105.8,2105.9,2106.0,16.189,24.124,1.333,5.167,35.846,0.6963572345619149
1770679551696,2026-02-09 23:25:51.696000,BTCUSDT,70239.7,70238.4,70236.6,70236.3,70234.7,1.911,0.001,0.01,0.326,4.982,70239.8,70239.9,70240.5,70240.6,70241.6,2.173,0.009,0.009,0.199,0.202,0.472205253512523
1770679551696,2026-02-09 23:25:51.696000,ETHUSDT,2105.5,2105.3,2105.2,2105.1,2105.0,1.616,31.617,54.346,40.944,16.647,2105.6,2105.7,2105.8,2105.9,2106.0,48.572,63.551,47.441,109.24,0.43,-0.2993793496201774
1770679552699,2026-02-09 23:25:52.699000,BTCUSDT,70239.7,70238.5,70236.6,70236.3,70236.1,1.911,0.001,0.004,0.077,0.029,70239.8,70239.9,70240.0,70241.1,70241.6,4.529,0.009,0.009,0.199,0.202,-0.4197991391678623
1770679552699,2026-02-09 23:25:52.699000,ETHUSDT,2105.5,2105.4,2105.3,2105.2,2105.1,2.799,24.71,9.923,55.982,104.409,2105.6,2105.7,2105.8,2105.9,2106.0,106.655,62.537,1.01,108.575,0.43,-0.1706056222879064
1770679553703,2026-02-09 23:25:53.703000,BTCUSDT,70239.7,70238.6,70236.7,70236.6,70236.3,1.911,0.001,0.029,0.004,0.077,70239.8,70239.9,70240.0,70241.1,70241.6,4.529,0.009,0.009,0.199,0.202,-0.4197991391678623
1770679553703,2026-02-09 23:25:53.703000,ETHUSDT,2105.5,2105.4,2105.3,2105.2,2105.1,2.799,0.962,7.965,81.658,104.409,2105.6,2105.7,2105.8,2105.9,2106.1,106.228,62.987,1.929,108.075,124.964,-0.3428542001674485
1770679554709,2026-02-09 23:25:54.709000,BTCUSDT,70239.7,70238.6,70237.9,70237.5,70236.8,2.309,0.001,4.982,0.101,0.101,70239.8,70241.6,70242.8,70244.7,70244.8,0.001,0.101,0.101,0.009,0.002,0.9444732745199791
1770679554709,2026-02-09 23:25:54.709000,ETHUSDT,2105.4,2105.3,2105.2,2105.1,2105.0,53.159,63.882,165.996,69.578,92.015,2105.5,2105.6,2105.7,2105.8,2105.9,2.631,80.456,0.841,2.819,45.745,0.5408527139842183
1770679555714,2026-02-09 23:25:55.714000,BTCUSDT,70241.5,70238.8,70237.9,70237.5,70237.0,0.663,0.001,2.847,2.236,0.029,70241.6,70242.4,70242.5,70242.7,70242.8,3.936,2.144,0.208,0.009,0.101,-0.051092492196484374
1770679555714,2026-02-09 23:25:55.714000,ETHUSDT,2105.4,2105.3,2105.2,2105.1,2105.0,23.137,1.828,78.552,111.485,92.015,2105.5,2105.6,2105.7,2105.8,2105.9,18.231,80.256,35.853,1.026,72.761,0.1919657416178777
1770679556719,2026-02-09 23:25:56.719000,BTCUSDT,70241.5,70239.0,70237.7,70237.5,70237.3,0.01,0.001,0.325,0.101,1.423,70241.6,70242.1,70242.2,70242.4,70242.8,4.493,0.009,1.401,2.144,0.101,-0.6282973621103118
1770679556719,2026-02-09 23:25:56.719000,ETHUSDT,2105.4,2105.3,2105.2,2105.1,2105.0,50.79,98.161,130.37,76.808,107.02,2105.5,2105.6,2105.7,2105.8,2105.9,4.877,56.51,0.222,24.543,107.875,0.40951282457058696
1770679557720,2026-02-09 23:25:57.720000,BTCUSDT,70241.5,70239.1,70237.7,70237.5,70237.3,0.01,0.001,0.325,0.101,1.423,70241.6,70242.1,70242.2,70242.4,70242.8,4.502,0.009,1.401,2.135,0.101,-0.6282973621103118
1770679557720,2026-02-09 23:25:57.720000,ETHUSDT,2105.4,2105.3,2105.2,2105.1,2105.0,35.297,1.328,54.802,111.485,107.02,2105.5,2105.6,2105.8,2105.9,2106.0,19.903,115.875,5.228,72.848,1.165,0.18080354166388862
1770679558722,2026-02-09 23:25:58.722000,BTCUSDT,70241.5,70240.1,70239.3,70237.9,70237.7,1.058,0.03,0.001,1.423,0.325,70241.6,70242.1,70242.2,70242.8,70244.0,1.752,0.009,1.401,0.101,0.199,-0.09922209874583261
1770679558722,2026-02-09 23:25:58.722000,ETHUSDT,2105.7,2105.6,2105.5,2105.4,2105.3,5.871,146.148,13.754,95.67,83.658,2105.8,2105.9,2106.0,2106.1,2106.2,56.941,9.288,60.898,73.622,8.287,0.24554397197804867
1770679559724,2026-02-09 23:25:59.724000,BTCUSDT,70241.5,70239.8,70239.5,70237.9,70237.5,1.058,0.03,0.001,1.423,0.101,70241.6,70242.1,70242.2,70242.8,70244.6,1.752,0.009,0.009,1.493,0.199,-0.13975308641975306
1770679559724,2026-02-09 23:25:59.724000,ETHUSDT,2105.7,2105.6,2105.5,2105.4,2105.3,4.144,83.611,77.048,97.525,89.851,2105.8,2105.9,2106.0,2106.1,2106.2,62.644,33.03,37.321,72.958,7.381,0.2455204389642678
1770679560729,2026-02-09 23:26:00.729000,BTCUSDT,70241.5,70239.6,70239.3,70237.9,70237.5,1.086,0.001,0.028,1.423,0.101,70241.6,70242.7,70242.8,70244.6,70244.8,1.667,0.009,1.502,0.199,0.002,-0.12296444001329335
1770679560729,2026-02-09 23:26:00.729000,ETHUSDT,2105.5,2105.4,2105.3,2105.2,2105.1,19.716,5.638,86.286,62.571,35.627,2105.6,2105.7,2105.8,2105.9,2106.0,12.711,31.729,62.759,40.894,0.154,0.17200106120055303
1770679561732,2026-02-09 23:26:01.732000,BTCUSDT,70241.5,70239.7,70237.9,70237.5,70237.4,1.144,0.001,1.423,0.101,2.135,70241.6,70242.7,70242.8,70244.6,70244.8,1.665,0.009,1.502,0.199,0.002,0.17442855396650772
1770679561732,2026-02-09 23:26:01.732000,ETHUSDT,2105.5,2105.4,2105.3,2105.2,2105.0,13.403,26.828,99.611,62.571,167.776,2105.6,2105.7,2105.8,2105.9,2106.0,21.236,32.256,54.17,103.431,0.154,0.2733611265900288
1770679562735,2026-02-09 23:26:02.735000,BTCUSDT,70241.5,70240.0,70239.8,70237.9,70237.5,1.119,0.027,0.001,1.423,0.101,70241.6,70242.7,70242.8,70244.4,70244.8,1.651,0.009,0.11,1.392,0.002,-0.08449014567266494
1770679562735,2026-02-09 23:26:02.735000,ETHUSDT,2105.5,2105.4,2105.3,2105.2,2105.1,36.031,26.828,99.747,62.571,14.467,2105.6,2105.7,2105.8,2105.9,2106.0,6.917,27.164,53.776,67.317,36.656,0.11081548366761386
1770679563737,2026-02-09 23:26:03.737000,BTCUSDT,70237.6,70237.5,70236.3,70234.7,70234.1,2.668,0.101,0.199,0.047,0.003,70237.7,70237.8,70238.0,70241.6,70242.7,1.565,0.002,1.423,1.103,0.009,-0.15224719101123593
1770679563737,2026-02-09 23:26:03.737000,ETHUSDT,2105.3,2105.2,2105.1,2105.0,2104.9,57.573,124.007,113.095,80.115,109.87,2105.4,2105.5,2105.6,2105.7,2105.8,9.165,55.805,11.162,62.537,56.68,0.42545172196250347
1770679564742,2026-02-09 23:26:04.742000,BTCUSDT,70237.6,70237.5,70236.3,70235.4,70234.7,2.717,0.128,0.199,0.101,2.135,70237.7,70238.1,70241.6,70242.7,70242.8,0.654,1.423,0.11,0.009,0.11,0.39203796467176383
1770679564742,2026-02-09 23:26:04.742000,ETHUSDT,2105.5,2105.4,2105.3,2105.2,2105.1,0.911,1.237,29.763,61.47,113.095,2105.6,2105.7,2105.8,2105.9,2106.0,52.376,102.278,52.089,72.107,19.208,-0.18151799482294553
1770679565746,2026-02-09 23:26:05.746000,BTCUSDT,70236.3,70234.1,70233.5,70231.6,70231.1,2.696,0.003,1.392,0.047,0.006,70236.4,70237.3,70237.4,70237.5,70237.7,2.295,0.009,4.995,1.705,0.251,-0.38144637659526826
1770679565746,2026-02-09 23:26:05.746000,ETHUSDT,2105.0,2104.9,2104.8,2104.7,2104.6,82.072,16.764,116.786,84.933,83.114,2105.1,2105.2,2105.3,2105.4,2105.5,11.095,56.955,8.411,51.735,99.322,0.25548809120612836
1770679566752,2026-02-09 23:26:06.752000,BTCUSDT,70236.3,70235.1,70234.1,70233.5,70232.6,0.741,0.025,0.003,1.392,0.199,70236.4,70237.3,70237.4,70237.7,70240.9,2.356,0.009,4.995,0.251,1.392,-0.5846167385373582
1770679566752,2026-02-09 23:26:06.752000,ETHUSDT,2105.0,2104.9,2104.8,2104.7,2104.6,81.784,16.454,119.949,90.773,83.114,2105.1,2105.2,2105.3,2105.4,2105.5,19.408,52.248,67.328,87.357,63.702,0.14957991077776986
1770679567755,2026-02-09 23:26:07.755000,BTCUSDT,70236.3,70234.2,70234.1,70231.1,70229.8,1.044,0.025,0.003,0.006,1.472,70236.4,70236.8,70236.9,70237.4,70237.7,2.605,0.009,1.401,4.986,0.002,-0.5585562191638536
1770679567755,2026-02-09 23:26:07.755000,ETHUSDT,2105.0,2104.9,2104.8,2104.7,2104.6,81.78,15.814,119.949,90.973,83.114,2105.1,2105.2,2105.3,2105.4,2105.5,20.272,52.248,102.952,51.735,63.702,0.14756812431231037
1770679568761,2026-02-09 23:26:08.761000,BTCUSDT,70231.1,70229.8,70228.6,70228.4,70227.9,0.74,0.002,0.028,0.101,0.002,70231.2,70231.3,70232.8,70232.9,70233.1,1.721,0.015,0.009,0.11,4.982,-0.7735408560311283
1770679568761,2026-02-09 23:26:08.761000,ETHUSDT,2105.0,2104.8,2104.7,2104.6,2104.5,0.032,24.952,40.493,0.006,4.79,2105.1,2105.2,2105.3,2105.4,2105.5,120.688,43.747,72.855,76.954,63.721,-0.6864478245931848
1770679569765,2026-02-09 23:26:09.765000,BTCUSDT,70232.8,70232.5,70231.1,70229.8,70228.4,3.308,0.034,0.403,0.002,0.101,70232.9,70233.6,70234.0,70234.3,70235.1,0.174,0.002,0.001,1.392,1.423,0.12514619883040928
1770679569765,2026-02-09 23:26:09.765000,ETHUSDT,2105.0,2104.9,2104.8,2104.7,2104.6,122.794,116.94,118.435,87.576,65.619,2105.1,2105.3,2105.4,2105.5,2105.6,2.245,16.495,32.135,41.261,14.37,0.65524786767443
1770679570768,2026-02-09 23:26:10.768000,BTCUSDT,70232.8,70232.5,70231.1,70229.8,70228.4,3.679,0.006,0.103,0.005,0.101,70232.9,70233.9,70234.3,70237.1,70238.5,0.002,0.001,1.392,1.432,0.009,0.15720653789004457
1770679570768,2026-02-09 23:26:10.768000,ETHUSDT,2105.0,2104.9,2104.8,2104.7,2104.6,96.048,72.12,52.904,10.909,139.363,2105.1,2105.2,2105.3,2105.4,2105.5,2.636,23.75,15.782,9.756,99.261,0.4213335527788888
1770679571773,2026-02-09 23:26:11.773000,BTCUSDT,70237.9,70235.0,70234.2,70234.0,70233.7,1.9,4.982,0.251,0.002,0.052,70238.0,70241.0,70241.6,70241.7,70242.7,0.758,0.003,0.101,1.423,0.009,0.5160848011813098
1770679571773,2026-02-09 23:26:11.773000,ETHUSDT,2105.0,2104.9,2104.8,2104.7,2104.6,144.607,121.932,115.287,87.427,51.288,2105.1,2105.3,2105.4,2105.5,2105.6,0.004,5.018,6.111,29.45,14.37,0.8090232044122094
1770679572775,2026-02-09 23:26:12.775000,BTCUSDT,70237.9,70235.0,70234.9,70234.2,70233.9,1.606,4.982,0.027,0.251,0.001,70238.0,70238.7,70238.8,70241.0,70241.1,2.531,0.009,0.208,0.003,1.423,0.24390906620777109
1770679572775,2026-02-09 23:26:12.775000,ETHUSDT,2105.2,2105.1,2105.0,2104.9,2104.8,41.837,0.2,70.676,124.607,118.357,2105.3,2105.4,2105.5,2105.6,2105.7,24.117,19.095,24.976,50.189,67.805,0.31280277710622134
1770679573779,2026-02-09 23:26:13.779000,BTCUSDT,70234.1,70232.8,70231.1,70229.8,70229.7,0.001,0.548,0.101,0.002,0.003,70234.2,70234.3,70234.7,70234.8,70235.0,5.52,0.016,0.009,0.101,2.135,-0.8447131341868184
1770679573779,2026-02-09 23:26:13.779000,ETHUSDT,2104.8,2104.7,2104.6,2104.5,2104.4,31.556,50.634,47.545,67.527,4.684,2104.9,2105.0,2105.1,2105.2,2105.3,22.411,43.023,37.777,51.741,73.287,-0.06112021572114324
1770679574781,2026-02-09 23:26:14.781000,BTCUSDT,70241.5,70240.9,70240.5,70240.2,70240.1,0.273,0.126,0.039,1.475,0.004,70241.6,70242.8,70244.1,70244.6,70244.8,0.101,0.101,0.009,0.006,0.002,0.794943820224719
1770679574781,2026-02-09 23:26:14.781000,ETHUSDT,2104.8,2104.7,2104.6,2104.5,2104.4,266.43,107.823,128.783,85.25,89.935,2104.9,2105.8,2106.0,2106.1,2106.2,0.06,87.994,1.075,13.685,62.683,0.6076959363199551
1770679575783,2026-02-09 23:26:15.783000,BTCUSDT,70241.5,70240.1,70239.5,70238.5,70236.1,1.077,0.002,0.029,0.001,0.002,70241.6,70242.6,70242.7,70242.8,70243.4,2.546,0.009,0.009,0.101,0.199,-0.4410062893081761
1770679575783,2026-02-09 23:26:15.783000,ETHUSDT,2105.6,2105.5,2105.4,2105.3,2105.2,140.2,77.018,53.003,160.142,5.74,2105.7,2105.8,2105.9,2106.0,2106.1,5.429,5.865,27.916,36.257,15.252,0.6555990448386741
1770679576784,2026-02-09 23:26:16.784000,BTCUSDT,70241.5,70240.1,70239.7,70238.7,70236.1,0.462,0.002,0.026,0.001,0.002,70241.6,70241.8,70241.9,70242.7,70242.8,3.147,0.009,0.199,0.009,0.101,-0.7508842849924204
1770679576784,2026-02-09 23:26:16.784000,ETHUSDT,2105.6,2105.5,2105.4,2105.3,2105.2,176.075,123.688,2.746,153.084,6.257,2105.7,2105.9,2106.0,2106.1,2106.2,0.043,4.79,27.82,20.82,40.4,0.6621590252697837
1770679577788,2026-02-09 23:26:17.788000,BTCUSDT,70241.5,70241.3,70240.8,70240.1,70238.8,0.807,0.026,0.101,0.002,0.569,70241.6,70243.1,70244.8,70245.6,70246.1,0.721,1.009,0.201,0.015,0.009,-0.13005780346820808
1770679577788,2026-02-09 23:26:17.788000,ETHUSDT,2105.9,2105.8,2105.7,2105.6,2105.5,87.628,63.037,76.718,135.464,87.248,2106.0,2106.1,2106.2,2106.3,2106.4,29.153,21.295,2.581,37.988,4.791,0.6489925865950543
1770679578791,2026-02-09 23:26:18.791000,BTCUSDT,70241.5,70241.4,70241.3,70240.8,70240.1,0.807,0.016,0.026,0.101,0.002,70241.6,70243.1,70244.8,70245.6,70246.1,0.721,1.009,0.201,0.015,0.009,-0.34502923976608174
1770679578791,2026-02-09 23:26:18.791000,ETHUSDT,2105.9,2105.8,2105.7,2105.6,2105.5,96.478,113.75,76.718,81.743,87.248,2106.0,2106.1,2106.2,2106.3,2106.4,29.153,5.864,4.191,89.429,5.019,0.5466160554823412
1770679579811,2026-02-09 23:26:19.811000,BTCUSDT,70241.5,70240.1,70238.7,70236.1,70236.0,0.785,0.002,4.982,0.002,0.129,70241.6,70243.1,70244.7,70244.8,70245.6,1.364,1.009,0.009,0.21,0.015,0.3870929822499118
1770679579811,2026-02-09 23:26:19.811000,ETHUSDT,2105.9,2105.8,2105.7,2105.6,2105.5,96.978,119.228,76.718,76.424,87.048,2106.0,2106.1,2106.2,2106.3,2106.4,5.416,29.604,3.964,53.822,67.828,0.4793316370354763
1770679580814,2026-02-09 23:26:20.814000,BTCUSDT,70241.5,70240.1,70238.7,70236.1,70236.0,0.713,0.002,4.982,0.002,0.101,70241.6,70243.0,70244.4,70244.5,70244.8,1.366,0.009,0.009,1.401,0.002,0.350879236054501
1770679580814,2026-02-09 23:26:20.814000,ETHUSDT,2105.9,2105.8,2105.7,2105.6,2105.5,96.978,119.716,76.718,76.424,87.048,2106.0,2106.1,2106.2,2106.3,2106.4,29.157,5.864,65.697,53.822,102.933,0.2791475410754007
1770679581821,2026-02-09 23:26:21.821000,BTCUSDT,70241.5,70240.1,70238.7,70236.1,70236.0,0.739,0.002,4.982,0.002,0.101,70241.6,70243.0,70244.4,70244.5,70244.8,1.366,0.009,0.009,1.401,0.002,0.35283873214907696
1770679581821,2026-02-09 23:26:21.821000,ETHUSDT,2105.9,2105.8,2105.7,2105.6,2105.5,96.978,119.068,76.718,77.374,86.098,2106.0,2106.1,2106.2,2106.3,2106.4,5.416,29.604,4.024,53.822,102.933,0.3994218101789014
1770679582826,2026-02-09 23:26:22.826000,BTCUSDT,70241.5,70241.4,70240.1,70238.7,70236.2,0.713,0.03,0.002,4.982,0.199,70241.6,70243.0,70244.4,70244.5,70244.8,1.679,0.009,0.009,1.392,0.002,0.3144061217699901
1770679582826,2026-02-09 23:26:22.826000,ETHUSDT,2105.9,2105.8,2105.7,2105.6,2105.5,51.85,56.591,76.718,112.993,86.098,2106.0,2106.1,2106.2,2106.3,2106.4,45.951,9.903,62.927,37.688,67.828,0.26284411886017023
1770679583831,2026-02-09 23:26:23.831000,BTCUSDT,70241.5,70240.1,70238.7,70236.2,70236.1,0.462,0.002,4.982,0.199,0.002,70241.6,70243.0,70244.4,70244.5,70244.8,1.973,0.009,0.009,1.392,0.002,0.25044286979627994
1770679583831,2026-02-09 23:26:23.831000,ETHUSDT,2105.9,2105.8,2105.7,2105.6,2105.5,51.877,57.031,76.718,112.993,86.098,2106.0,2106.1,2106.2,2106.3,2106.4,45.691,9.903,62.537,90.315,67.328,0.16494244433307956
1770679584833,2026-02-09 23:26:24.833000,BTCUSDT,70241.5,70240.4,70238.7,70236.2,70236.1,0.462,0.027,4.982,0.199,0.002,70241.6,70243.0,70244.4,70244.5,70244.8,1.973,0.009,0.009,1.392,0.002,0.252511869272386
1770679584833,2026-02-09 23:26:24.833000,ETHUSDT,2105.9,2105.8,2105.7,2105.6,2105.5,52.077,155.183,76.718,77.374,86.098,2106.0,2106.1,2106.2,2106.3,2106.4,21.954,33.643,62.766,54.545,102.933,0.23726135124037212
1770679585834,2026-02-09 23:26:25.834000,BTCUSDT,70246.9,70243.1,70242.6,70241.8,70241.5,0.357,0.027,4.982,0.002,0.37,70247.0,70247.7,70247.8,70248.9,70249.1,3.244,0.009,0.009,1.423,0.002,0.10081534772182255
1770679585834,2026-02-09 23:26:25.834000,ETHUSDT,2106.3,2106.2,2106.1,2106.0,2105.9,47.058,88.847,147.062,2.312,86.474,2106.4,2106.5,2106.6,2106.7,2106.8,13.357,6.139,31.326,0.654,57.429,0.5468503592991273
1770679586840,2026-02-09 23:26:26.840000,BTCUSDT,70246.9,70243.5,70242.6,70241.8,70241.5,0.107,0.026,4.982,0.002,0.37,70247.0,70247.7,70247.8,70248.0,70249.1,3.763,0.009,0.009,1.423,0.002,0.026278874029739135
1770679586840,2026-02-09 23:26:26.840000,ETHUSDT,2106.3,2106.2,2106.1,2106.0,2105.9,38.614,88.347,147.062,6.414,91.904,2106.4,2106.5,2106.6,2106.7,2106.8,19.075,6.133,31.326,62.691,57.629,0.3559518932255393
1770679587846,2026-02-09 23:26:27.846000,BTCUSDT,70241.6,70240.7,70238.3,70238.2,70237.1,0.395,1.423,0.003,0.002,0.831,70241.7,70241.8,70241.9,70242.1,70242.5,2.454,0.009,0.01,0.006,1.705,-0.22374963439602216
1770679587846,2026-02-09 23:26:27.846000,ETHUSDT,2106.1,2105.9,2105.8,2105.7,2105.6,30.171,50.773,126.865,77.018,73.226,2106.2,2106.3,2106.4,2106.5,2106.6,79.756,37.273,58.719,67.705,6.015,0.17873456226204534
1770679588849,2026-02-09 23:26:28.849000,BTCUSDT,70241.6,70240.7,70238.3,70238.2,70237.1,0.423,1.423,0.003,0.002,0.831,70241.7,70241.8,70241.9,70242.1,70242.5,2.454,0.009,0.01,0.006,1.705,-0.21875910282551694
1770679588849,2026-02-09 23:26:28.849000,ETHUSDT,2106.1,2106.0,2105.9,2105.8,2105.7,4.788,25.385,15.159,161.531,78.168,2106.2,2106.3,2106.4,2106.5,2106.6,80.156,39.004,56.759,67.705,6.215,0.06579542692616905
1770679589855,2026-02-09 23:26:29.855000,BTCUSDT,70241.6,70238.3,70238.2,70237.1,70236.4,2.768,0.003,0.002,0.831,2.135,70241.7,70241.9,70242.7,70243.7,70243.8,1.41,0.001,1.423,1.4,0.101,0.13936867182846926
1770679589855,2026-02-09 23:26:29.855000,ETHUSDT,2106.5,2106.4,2106.3,2106.2,2106.1,3.833,77.429,79.757,139.426,67.53,2106.6,2106.7,2106.8,2106.9,2107.0,33.584,39.507,5.339,104.193,5.693,0.3229586673162068
1770679590861,2026-02-09 23:26:30.861000,BTCUSDT,70241.6,70238.3,70238.2,70237.1,70236.2,2.768,2.138,0.002,0.831,0.199,70241.7,70241.9,70242.7,70243.7,70243.8,1.41,0.001,1.423,1.391,0.101,0.15705378020264998
1770679590861,2026-02-09 23:26:30.861000,ETHUSDT,2106.5,2106.4,2106.3,2106.2,2106.1,128.585,117.112,67.2,142.071,86.808,2106.6,2106.7,2106.8,2106.9,2107.0,7.438,5.317,47.392,31.331,41.517,0.6058070071179703
1770679591863,2026-02-09 23:26:31.863000,BTCUSDT,70243.6,70243.4,70242.8,70242.0,70241.9,5.105,0.101,2.135,0.006,0.002,70243.7,70247.0,70247.7,70248.0,70249.4,1.393,0.199,0.045,0.101,0.009,0.6158751099384345
1770679591863,2026-02-09 23:26:31.863000,ETHUSDT,2106.8,2106.7,2106.6,2106.5,2106.4,110.505,67.323,54.943,146.507,23.28,2106.9,2107.0,2107.1,2107.2,2107.3,5.063,5.696,13.532,41.126,35.79,0.5981975722807261
1770679592866,2026-02-09 23:26:32.866000,BTCUSDT,70250.0,70249.6,70248.0,70247.9,70247.6,1.239,0.001,4.982,0.004,0.924,70250.1,70250.4,70251.7,70253.9,70254.0,0.84,0.278,0.199,0.009,0.009,0.6853270477312906
1770679592866,2026-02-09 23:26:32.866000,ETHUSDT,2106.8,2106.7,2106.6,2106.5,2106.4,111.492,67.323,56.392,145.358,26.944,2106.9,2107.0,2107.1,2107.2,2107.3,28.794,5.696,15.852,15.476,36.024,0.6001107291435572
1770679593871,2026-02-09 23:26:33.871000,BTCUSDT,70241.9,70240.6,70240.2,70239.5,70236.0,0.322,0.199,1.391,4.568,0.101,70242.0,70242.1,70242.2,70242.3,70243.8,4.484,0.016,0.009,0.006,1.821,0.018967252458001023
1770679593871,2026-02-09 23:26:33.871000,ETHUSDT,2106.0,2105.9,2105.8,2105.7,2105.6,27.315,9.575,70.541,84.774,72.289,2106.1,2106.2,2106.3,2106.4,2106.5,47.513,0.5,6.945,150.069,8.886,0.10572796802722367
1770679594876,2026-02-09 23:26:34.876000,BTCUSDT,70241.9,70241.3,70240.6,70239.5,70236.3,0.322,0.027,0.199,4.568,0.003,70242.0,70242.1,70242.2,70243.8,70245.3,2.563,0.01,0.009,1.707,1.391,-0.051949254560607463
1770679594876,2026-02-09 23:26:34.876000,ETHUSDT,2106.0,2105.9,2105.8,2105.7,2105.6,106.705,96.912,147.968,6.179,92.685,2106.1,2106.3,2106.4,2106.5,2106.6,0.322,32.825,53.328,41.558,67.33,0.3949849182114919
1770679595879,2026-02-09 23:26:35.879000,BTCUSDT,70241.9,70241.5,70240.6,70239.5,70236.3,0.965,0.027,0.199,4.568,0.003,70242.0,70242.1,70242.2,70243.8,70245.1,2.301,0.01,0.009,0.002,1.423,0.2121594614494583
1770679595879,2026-02-09 23:26:35.879000,ETHUSDT,2106.0,2105.9,2105.8,2105.7,2105.6,106.705,97.412,148.168,6.379,92.685,2106.1,2106.2,2106.3,2106.4,2106.5,0.004,23.739,7.857,52.69,5.725,0.6674511049866634
1770679596882,2026-02-09 23:26:36.882000,BTCUSDT,70241.9,70241.1,70240.6,70239.5,70236.3,1.037,0.03,0.199,4.568,0.003,70242.0,70242.1,70242.2,70243.7,70243.8,2.29,0.001,0.009,0.009,0.011,0.4311634179232561
1770679596882,2026-02-09 23:26:36.882000,ETHUSDT,2106.0,2105.9,2105.8,2105.7,2105.6,106.705,96.912,149.118,5.929,92.685,2106.1,2106.3,2106.4,2106.5,2106.6,5.061,33.744,52.417,41.329,67.33,0.3861431445111557
1770679597885,2026-02-09 23:26:37.885000,BTCUSDT,70241.9,70241.8,70240.6,70239.5,70236.3,1.037,0.03,0.199,4.568,0.003,70242.0,70242.1,70242.2,70243.7,70243.8,2.245,0.001,0.009,0.009,0.011,0.4391025641025641
1770679597885,2026-02-09 23:26:37.885000,ETHUSDT,2106.0,2105.9,2105.8,2105.7,2105.6,106.701,96.912,149.618,5.429,92.685,2106.1,2106.2,2106.3,2106.4,2106.5,2.934,23.739,9.772,52.19,41.329,0.5528574303855609
1770679598890,2026-02-09 23:26:38.890000,BTCUSDT,70247.0,70243.8,70243.7,70242.2,70242.0,0.371,4.982,0.028,0.004,0.001,70247.1,70247.9,70248.0,70248.1,70248.9,4.778,0.009,0.009,0.199,1.705,-0.10872083402283643
1770679598890,2026-02-09 23:26:38.890000,ETHUSDT,2106.7,2106.5,2106.4,2106.3,2106.2,1.38,116.78,91.413,102.461,77.018,2106.8,2107.0,2107.1,2107.2,2107.3,87.022,2.819,15.968,67.316,46.406,0.27855033742316165
1770679599895,2026-02-09 23:26:39.895000,BTCUSDT,70247.0,70245.7,70243.8,70242.2,70241.9,0.443,2.591,2.135,0.004,0.954,70247.1,70247.5,70247.9,70248.1,70248.9,4.876,0.009,0.009,0.199,0.674,0.030267361694972128
1770679599895,2026-02-09 23:26:39.895000,ETHUSDT,2106.7,2106.5,2106.4,2106.3,2106.2,26.548,92.21,93.538,106.463,81.417,2106.8,2106.9,2107.0,2107.1,2107.2,25.104,27.016,35.795,62.774,67.316,0.2946887723821988
1770679600897,2026-02-09 23:26:40.897000,BTCUSDT,70242.5,70241.8,70238.9,70238.6,70237.8,0.325,0.445,1.423,0.199,0.006,70242.6,70242.7,70242.8,70243.4,70243.8,2.56,0.009,0.01,0.006,0.223,-0.07875528236650015
1770679600897,2026-02-09 23:26:40.897000,ETHUSDT,2106.4,2106.3,2106.2,2106.1,2106.0,0.777,24.757,52.824,49.975,144.292,2106.5,2106.6,2106.7,2106.8,2106.9,109.784,0.172,2.411,86.899,52.893,0.03899890240556111
1770679601903,2026-02-09 23:26:41.903000,BTCUSDT,70242.5,70242.4,70238.7,70238.6,70237.8,1.748,0.027,0.005,0.199,0.837,70242.6,70242.7,70242.8,70243.4,70243.8,2.554,0.009,0.01,0.006,0.223,0.0024919900320399934
1770679601903,2026-02-09 23:26:41.903000,ETHUSDT,2106.4,2106.3,2106.2,2106.1,2106.0,3.136,23.738,117.088,53.388,149.693,2106.5,2106.6,2106.7,2106.8,2106.9,72.632,38.212,6.236,24.135,47.351,0.2958818839862661
1770679602908,2026-02-09 23:26:42.908000,BTCUSDT,70242.5,70242.4,70238.7,70238.6,70237.8,1.748,0.027,0.005,0.199,0.837,70242.6,70242.7,70242.8,70243.4,70243.8,2.554,0.009,0.01,0.006,0.223,0.0024919900320399934
1770679602908,2026-02-09 23:26:42.908000,ETHUSDT,2106.4,2106.3,2106.2,2106.1,2106.0,8.828,23.738,117.088,54.537,148.744,2106.5,2106.6,2106.7,2106.8,2106.9,71.76,37.484,7.085,23.931,47.351,0.3058463109522594
1770679603912,2026-02-09 23:26:43.912000,BTCUSDT,70242.5,70238.6,70237.8,70236.6,70236.1,0.001,0.199,0.831,0.002,0.003,70242.6,70242.7,70242.8,70243.4,70243.8,4.504,0.01,0.009,2.141,0.223,-0.7384828978922127
1770679603912,2026-02-09 23:26:43.912000,ETHUSDT,2106.2,2106.1,2106.0,2105.9,2105.8,158.398,53.837,149.244,13.061,97.891,2106.3,2106.4,2106.5,2106.6,2106.7,5.312,0.624,67.173,35.746,5.316,0.6107377745046896
1770679604917,2026-02-09 23:26:44.917000,BTCUSDT,70242.5,70240.5,70238.6,70237.8,70236.6,0.001,0.026,0.199,0.831,0.002,70242.6,70242.7,70243.3,70243.4,70243.9,4.504,0.01,0.009,2.141,1.705,-0.7753500212134069
1770679604917,2026-02-09 23:26:44.917000,ETHUSDT,2106.2,2106.1,2106.0,2105.9,2105.8,161.844,53.837,149.244,9.775,97.891,2106.3,2106.4,2106.5,2106.6,2106.7,17.143,0.624,53.821,35.602,51.719,0.4967252573238321
1770679605920,2026-02-09 23:26:45.920000,BTCUSDT,70242.5,70240.8,70238.6,70237.8,70236.6,0.001,0.026,0.199,0.831,0.002,70242.6,70242.7,70243.3,70243.4,70243.9,4.504,0.01,0.009,2.141,1.705,-0.7753500212134069
1770679605920,2026-02-09 23:26:45.920000,ETHUSDT,2106.2,2106.1,2106.0,2105.9,2105.8,161.684,53.837,148.744,9.775,97.891,2106.3,2106.4,2106.5,2106.6,2106.7,19.321,0.624,53.508,35.831,51.945,0.4907164065954893
1770679606922,2026-02-09 23:26:46.922000,BTCUSDT,70238.6,70237.3,70235.3,70233.5,70233.4,0.532,0.029,0.101,1.423,1.204,70238.7,70238.9,70239.0,70239.4,70239.5,5.565,0.009,0.11,0.317,2.135,-0.42424507658643335
1770679606922,2026-02-09 23:26:46.922000,ETHUSDT,2106.2,2106.1,2106.0,2105.9,2105.8,3.154,64.136,114.255,87.042,70.767,2106.3,2106.4,2106.5,2106.6,2106.7,23.372,27.517,40.818,62.92,52.897,0.24105924904640524
1770679607924,2026-02-09 23:26:47.924000,BTCUSDT,70238.6,70235.3,70233.5,70233.4,70231.3,0.372,0.101,1.423,1.204,0.569,70238.7,70238.9,70239.0,70239.9,70240.0,3.728,0.009,0.11,1.805,2.139,-0.3596858638743456
1770679607924,2026-02-09 23:26:47.924000,ETHUSDT,2106.4,2106.3,2106.2,2106.1,2106.0,58.24,0.648,158.135,82.453,64.271,2106.5,2106.6,2106.7,2106.8,2106.9,23.926,27.257,54.093,23.731,35.597,0.3769142104396509
1770679608928,2026-02-09 23:26:48.928000,BTCUSDT,70238.6,70235.3,70233.5,70233.4,70231.3,1.015,0.101,1.423,1.204,0.569,70238.7,70238.9,70239.0,70239.9,70240.0,3.728,0.009,0.11,1.805,2.139,-0.2874493927125507
1770679608928,2026-02-09 23:26:48.928000,ETHUSDT,2106.4,2106.3,2106.2,2106.1,2106.0,145.974,77.166,125.366,82.953,69.008,2106.5,2106.6,2106.7,2106.8,2106.9,33.635,1.146,3.519,23.834,40.913,0.6585099931401758
1770679609932,2026-02-09 23:26:49.932000,BTCUSDT,70238.6,70235.3,70233.5,70233.4,70231.3,1.015,0.101,1.423,1.204,0.569,70238.7,70238.9,70239.0,70239.9,70240.0,3.73,0.009,0.11,1.805,2.139,-0.2875671210243701
1770679609932,2026-02-09 23:26:49.932000,ETHUSDT,2106.4,2106.3,2106.2,2106.1,2106.0,110.369,77.166,161.924,82.004,69.008,2106.5,2106.6,2106.7,2106.8,2106.9,33.839,1.706,4.089,98.045,5.316,0.5555476124612645
1770679610936,2026-02-09 23:26:50.936000,BTCUSDT,70238.6,70235.3,70233.5,70233.4,70231.3,1.087,0.101,1.423,1.204,0.569,70238.7,70238.9,70239.0,70239.9,70240.0,5.167,0.009,0.11,2.135,0.004,-0.25751545431450595
1770679610936,2026-02-09 23:26:50.936000,ETHUSDT,2106.4,2106.3,2106.2,2106.1,2106.0,156.57,77.166,115.522,82.004,69.008,2106.5,2106.6,2106.7,2106.8,2106.9,33.639,1.706,4.089,62.446,40.913,0.5558973226573446
1770679611940,2026-02-09 23:26:51.940000,BTCUSDT,70238.6,70237.9,70235.3,70233.5,70233.4,0.344,0.029,0.101,1.423,1.204,70238.7,70238.8,70238.9,70239.0,70239.9,5.283,0.009,0.009,0.101,2.135,-0.4169956758789246
1770679611940,2026-02-09 23:26:51.940000,ETHUSDT,2106.4,2106.3,2106.2,2106.1,2106.0,47.811,1.441,17.097,64.336,69.957,2106.5,2106.6,2106.7,2106.8,2106.9,57.233,35.602,0.428,63.905,5.549,0.1043733607809356
1770679612945,2026-02-09 23:26:52.945000,BTCUSDT,70238.6,70238.2,70235.3,70233.5,70233.4,0.344,0.029,0.101,1.423,1.204,70238.7,70238.8,70238.9,70239.0,70239.9,5.283,0.009,0.009,0.101,2.135,-0.4169956758789246
1770679612945,2026-02-09 23:26:52.945000,ETHUSDT,2106.4,2106.3,2106.2,2106.1,2106.0,0.671,24.531,126.035,40.596,69.957,2106.5,2106.6,2106.7,2106.8,2106.9,55.247,35.602,1.986,63.678,5.316,0.2359691137555209
1770679613947,2026-02-09 23:26:53.947000,BTCUSDT,70239.1,70238.6,70229.8,70228.1,70228.0,4.933,0.001,0.002,0.006,0.006,70239.2,70240.0,70244.3,70244.5,70244.6,1.874,8.991,1.705,0.009,0.009,-0.4356751824817518
1770679613947,2026-02-09 23:26:53.947000,ETHUSDT,2107.3,2107.2,2107.1,2107.0,2106.9,160.106,4.315,83.359,122.971,0.654,2107.4,2107.5,2107.6,2107.7,2107.8,5.218,3.81,23.877,10.705,37.126,0.6428724667747451
1770679614956,2026-02-09 23:26:54.956000,BTCUSDT,70242.6,70242.2,70241.7,70239.3,70239.2,2.195,0.006,0.101,0.001,0.569,70242.7,70244.4,70246.0,70247.1,70247.5,0.742,1.423,0.003,0.101,0.002,0.11685786505930384
1770679614956,2026-02-09 23:26:54.956000,ETHUSDT,2107.5,2107.4,2107.3,2107.2,2107.1,73.218,102.91,56.655,76.918,63.486,2107.6,2107.7,2107.9,2108.0,2108.1,0.004,4.776,76.479,46.476,0.475,0.48858888266184275
1770679615962,2026-02-09 23:26:55.962000,BTCUSDT,70248.6,70245.4,70244.6,70244.5,70242.7,7.227,0.003,0.004,0.034,0.002,70248.7,70249.0,70250.1,70252.0,70253.9,2.448,2.135,0.101,1.391,0.009,0.08881234087164888
1770679615962,2026-02-09 23:26:55.962000,ETHUSDT,2107.8,2107.7,2107.6,2107.5,2107.4,16.691,24.598,111.181,133.176,67.822,2107.9,2108.0,2108.1,2108.2,2108.3,20.98,9.479,62.872,104.415,14.423,0.24980508700809878
1770679616966,2026-02-09 23:26:56.966000,BTCUSDT,70248.9,70248.6,70245.4,70244.6,70244.5,7.232,0.101,0.003,0.004,0.233,70249.0,70252.0,70253.5,70253.6,70254.3,5.364,0.001,0.009,1.391,0.009,0.055691085244301844
1770679616966,2026-02-09 23:26:56.966000,ETHUSDT,2108.0,2107.9,2107.8,2107.7,2107.6,127.729,49.612,62.691,128.431,77.842,2108.1,2108.2,2108.3,2108.4,2108.5,5.122,1.031,40.592,26.887,46.247,0.5765369561838555
1770679617968,2026-02-09 23:26:57.968000,BTCUSDT,70267.4,70265.3,70262.9,70262.6,70262.1,1.23,0.029,0.028,4.98,0.101,70267.5,70268.0,70268.1,70269.1,70269.8,1.355,0.009,0.009,0.048,1.622,0.35330995643396024
1770679617968,2026-02-09 23:26:57.968000,ETHUSDT,2108.2,2108.1,2108.0,2107.9,2107.8,109.633,36.925,62.537,15.431,67.274,2108.3,2108.5,2108.6,2108.7,2108.8,0.002,4.774,83.637,1.146,20.114,0.45364694512457876
1770679618974,2026-02-09 23:26:58.974000,BTCUSDT,70267.4,70265.0,70262.9,70262.6,70262.1,1.854,0.029,0.028,4.98,0.101,70267.5,70269.7,70271.3,70271.6,70271.7,1.325,0.009,1.423,0.009,0.019,0.43029559169479403
1770679618974,2026-02-09 23:26:58.974000,ETHUSDT,2108.4,2108.3,2108.2,2108.1,2108.0,124.306,67.318,16.036,80.504,62.537,2108.5,2108.6,2108.7,2108.8,2108.9,2.595,0.5,0.2,46.334,1.736,0.7444946849522217
1770679619980,2026-02-09 23:26:59.980000,BTCUSDT,70267.4,70263.3,70262.9,70261.2,70261.0,0.378,4.73,0.028,0.002,0.558,70267.5,70267.6,70268.3,70268.7,70270.2,3.928,0.009,1.432,0.199,0.003,0.011094346321114761
