ts_unix_ms,ts_dt_utc,symbol,bid1_px,bid2_px,bid3_px,bid4_px,bid5_px,bid1_qty,bid2_qty,bid3_qty,bid4_qty,bid5_qty,ask1_px,ask2_px,ask3_px,ask4_px,ask5_px,ask1_qty,ask2_qty,ask3_qty,ask4_qty,ask5_qty,obi5
1771365750355,2026-02-17 22:02:30.355000,BTCUSDT,67605.2,67605.1,67604.4,67604.0,67602.6,2.838,0.01,0.147,0.389,0.258,67605.3,67606.6,67606.9,67607.7,67607.8,2.102,0.147,1.947,0.009,0.013,-0.07328244274809168
1771365750355,2026-02-17 22:02:30.355000,ETHUSDT,1997.2,1997.1,1997.0,1996.9,1996.8,110.377,2.545,6.997,169.777,122.264,1997.3,1997.5,1997.6,1997.7,1997.8,30.485,56.113,78.572,173.892,0.35,0.09655403714804377
1771365750355,2026-02-17 22:02:30.355000,SOLUSDT,85.16,85.15,85.14,85.13,85.12,3940.83,4284.3,3421.41,3983.74,3879.6,85.17,85.18,85.19,85.2,85.21,301.86,3466.31,4633.74,2845.57,4155.94,0.11761878710978345
1771365750355,2026-02-17 22:02:30.355000,BNBUSDT,618.2,618.1,618.0,617.9,617.8,279.04,342.18,272.83,18.67,202.13,618.3,618.4,618.5,618.6,618.7,49.81,309.16,292.44,377.26,246.55,-0.06709845318337962
1771365750355,2026-02-17 22:02:30.355000,XRPUSDT,1.4819,1.4818,1.4817,1.4816,1.4815,50647.6,23139.2,99192.1,17947.6,68299.0,1.482,1.4821,1.4822,1.4823,1.4825,969.3,57544.8,31991.1,48509.5,93037.4,0.05531170157157587
1771365751361,2026-02-17 22:02:31.361000,BTCUSDT,67605.2,67605.1,67604.4,67604.0,67602.6,2.838,0.01,0.147,0.389,0.258,67605.3,67606.6,67606.9,67607.7,67607.8,2.102,0.147,1.947,0.009,0.013,-0.07328244274809168
1771365751361,2026-02-17 22:02:31.361000,ETHUSDT,1997.2,1997.1,1997.0,1996.9,1996.8,110.377,2.545,6.997,169.777,122.264,1997.3,1997.5,1997.6,1997.7,1997.8,30.485,56.113,78.572,173.892,0.35,0.09655403714804377
1771365751361,2026-02-17 22:02:31.361000,SOLUSDT,85.16,85.15,85.14,85.13,85.12,3940.83,4284.3,3421.41,3983.74,3879.6,85.17,85.18,85.19,85.2,85.21,301.86,3466.31,4633.74,2845.57,4155.94,0.11761878710978345
1771365751361,2026-02-17 22:02:31.361000,BNBUSDT,618.2,618.1,618.0,617.9,617.8,279.04,342.18,272.83,18.67,202.13,618.3,618.4,618.5,618.6,618.7,49.81,309.16,292.44,377.26,246.55,-0.06709845318337962
1771365751361,2026-02-17 22:02:31.361000,XRPUSDT,1.4819,1.4818,1.4817,1.4816,1.4815,50647.6,23139.2,99192.1,17947.6,68299.0,1.482,1.4821,1.4822,1.4823,1.4825,969.3,57544.8,31991.1,48509.5,93037.4,0.05531170157157587
1771365752367,2026-02-17 22:02:32.367000,BTCUSDT,67605.2,67605.1,67604.4,67604.0,67602.6,2.838,0.01,0.147,0.389,0.258,67605.3,67606.6,67606.9,67607.7,67607.8,2.102,0.147,1.947,0.009,0.013,-0.07328244274809168
1771365752367,2026-02-17 22:02:32.367000,ETHUSDT,1997.2,1997.1,1997.0,1996.9,1996.8,110.377,2.545,6.997,169.777,122.264,1997.3,1997.5,1997.6,1997.7,1997.8,30.485,56.113,78.572,173.892,0.35,0.09655403714804377
1771365752367,2026-02-17 22:02:32.367000,SOLUSDT,85.16,85.15,85.14,85.13,85.12,3940.83,4284.3,3421.41,3983.74,3879.6,85.17,85.18,85.19,85.2,85.21,301.86,3466.31,4633.74,2845.57,4155.94,0.11761878710978345
1771365752367,2026-02-17 22:02:32.367000,BNBUSDT,618.2,618.1,618.0,617.9,617.8,279.04,342.18,272.83,18.67,202.13,618.3,618.4,618.5,618.6,618.7,49.81,309.16,292.44,377.26,246.55,-0.06709845318337962
1771365752367,2026-02-17 22:02:32.367000,XRPUSDT,1.4819,1.4818,1.4817,1.4816,1.4815,50647.6,23139.2,99192.1,17947.6,68299.0,1.482,1.4821,1.4822,1.4823,1.4825,969.3,57544.8,31991.1,48509.5,93037.4,0.05531170157157587
1771365753376,2026-02-17 22:02:33.376000,BTCUSDT,67605.1,67601.2,67601.0,67600.9,67599.0,0.003,4.464,0.009,0.389,0.009,67605.2,67605.3,67605.4,67605.5,67605.6,14.08,0.277,0.009,0.009,0.105,-0.4963315076986668
1771365753376,2026-02-17 22:02:33.376000,ETHUSDT,1997.2,1997.1,1997.0,1996.9,1996.8,72.314,1.503,45.478,169.777,122.264,1997.3,1997.4,1997.5,1997.6,1997.7,35.005,10.35,213.772,55.816,162.155,-0.07402012980142582
1771365753376,2026-02-17 22:02:33.376000,SOLUSDT,85.16,85.15,85.14,85.13,85.12,3940.83,4284.3,3421.41,3983.74,3879.6,85.17,85.18,85.19,85.2,85.21,301.86,3466.31,4633.74,2845.57,4155.94,0.11761878710978345
1771365753376,2026-02-17 22:02:33.376000,BNBUSDT,618.2,618.1,618.0,617.9,617.8,279.04,342.18,272.83,18.67,202.13,618.3,618.4,618.5,618.6,618.7,49.81,309.16,292.44,377.26,246.55,-0.06709845318337962
1771365753376,2026-02-17 22:02:33.376000,XRPUSDT,1.4819,1.4818,1.4817,1.4816,1.4815,50647.6,23139.2,99192.1,17947.6,68299.0,1.482,1.4821,1.4822,1.4823,1.4825,969.3,57544.8,31991.1,48509.5,93037.4,0.05531170157157587
1771365754381,2026-02-17 22:02:34.381000,BTCUSDT,67605.1,67601.3,67601.2,67600.9,67598.9,0.003,0.009,1.488,0.389,0.009,67605.2,67605.3,67605.4,67605.6,67607.8,11.563,0.277,0.009,0.105,0.002,-0.7259997112747222
1771365754381,2026-02-17 22:02:34.381000,ETHUSDT,1997.4,1997.3,1997.2,1997.1,1997.0,115.216,131.67,107.824,135.765,139.529,1997.5,1997.6,1997.7,1997.8,1997.9,4.164,25.03,43.583,57.692,187.596,0.329025629991066
1771365754381,2026-02-17 22:02:34.381000,SOLUSDT,85.16,85.15,85.14,85.13,85.12,2981.58,4797.03,3421.41,3705.67,3879.6,85.17,85.18,85.19,85.2,85.21,931.46,4080.04,3751.03,2832.65,4154.09,0.0879125143045112
1771365754381,2026-02-17 22:02:34.381000,BNBUSDT,618.2,618.1,618.0,617.9,617.8,32.63,367.69,258.28,235.4,202.13,618.3,618.4,618.5,618.6,618.7,288.38,284.91,292.44,377.26,76.28,-0.09238221412602474
1771365754381,2026-02-17 22:02:34.381000,XRPUSDT,1.4819,1.4818,1.4817,1.4816,1.4815,50647.6,30893.2,99192.1,17947.6,68299.0,1.482,1.4821,1.4822,1.4823,1.4825,1663.0,57544.8,31991.1,48509.5,93037.4,0.06850503666714496
1771365755391,2026-02-17 22:02:35.391000,BTCUSDT,67605.1,67601.3,67601.2,67600.9,67598.9,0.003,0.009,1.488,0.389,0.009,67605.2,67605.3,67605.4,67605.6,67607.8,11.595,0.277,0.009,0.105,0.002,-0.7266311392769697
1771365755391,2026-02-17 22:02:35.391000,ETHUSDT,1997.4,1997.3,1997.2,1997.1,1997.0,115.216,136.674,140.771,137.201,134.525,1997.5,1997.6,1997.7,1997.8,1997.9,4.614,25.03,43.583,58.161,186.767,0.3523839184482699
1771365755391,2026-02-17 22:02:35.391000,SOLUSDT,85.16,85.15,85.14,85.13,85.12,2981.58,4797.03,3421.41,3705.67,3879.6,85.17,85.18,85.19,85.2,85.21,931.46,4119.51,3751.03,2832.65,4154.09,0.08667054433631258
1771365755391,2026-02-17 22:02:35.391000,BNBUSDT,618.2,618.1,618.0,617.9,617.8,32.63,367.69,258.28,235.4,202.13,618.3,618.4,618.5,618.6,618.7,288.38,284.91,292.44,377.26,76.28,-0.09238221412602474
1771365755391,2026-02-17 22:02:35.391000,XRPUSDT,1.4818,1.4817,1.4816,1.4815,1.4814,51323.6,50436.8,72051.1,21931.8,15927.0,1.4819,1.482,1.4821,1.4822,1.4823,78.2,28333.9,63690.6,38602.0,48271.9,0.08369117993768792
1771365756403,2026-02-17 22:02:36.403000,BTCUSDT,67601.3,67601.2,67600.9,67600.1,67598.9,0.319,0.009,0.389,1.479,0.009,67601.4,67601.5,67601.6,67602.5,67602.9,5.373,1.956,0.147,2.065,2.13,-0.6821850677428654
1771365756403,2026-02-17 22:02:36.403000,ETHUSDT,1997.4,1997.3,1997.2,1997.1,1997.0,116.197,135.763,140.771,135.765,122.371,1997.5,1997.6,1997.7,1997.8,1997.9,4.614,25.03,43.583,45.547,185.164,0.36335063180439986
1771365756403,2026-02-17 22:02:36.403000,SOLUSDT,85.16,85.15,85.14,85.13,85.12,2981.58,4797.03,3421.41,3705.67,3879.6,85.17,85.18,85.19,85.2,85.21,931.46,4119.51,3751.03,3108.7,4154.09,0.07806294849251422
1771365756403,2026-02-17 22:02:36.403000,BNBUSDT,618.2,618.1,618.0,617.9,617.8,32.63,367.69,258.28,235.4,202.13,618.3,618.4,618.5,618.6,618.7,288.38,284.91,292.44,377.26,76.28,-0.09238221412602474
1771365756403,2026-02-17 22:02:36.403000,XRPUSDT,1.4818,1.4817,1.4816,1.4815,1.4814,51323.6,65622.0,56864.9,21931.8,15927.0,1.4819,1.482,1.4821,1.4822,1.4823,78.2,28333.9,63690.6,38602.0,48271.9,0.08368883431260889
1771365757410,2026-02-17 22:02:37.410000,BTCUSDT,67601.3,67601.2,67600.9,67600.1,67598.9,0.275,0.009,0.389,1.479,0.009,67601.4,67601.5,67601.6,67601.7,67602.5,5.375,0.009,1.956,0.147,2.065,-0.6310082813967387
1771365757410,2026-02-17 22:02:37.410000,ETHUSDT,1997.4,1997.3,1997.2,1997.1,1997.0,116.197,135.763,140.771,137.097,122.371,1997.5,1997.7,1997.8,1997.9,1998.0,4.214,68.611,45.547,185.164,41.628,0.3078467919904789
1771365757410,2026-02-17 22:02:37.410000,SOLUSDT,85.16,85.15,85.14,85.13,85.12,2981.58,4797.03,3421.41,3705.67,3879.6,85.17,85.18,85.19,85.2,85.21,887.63,4119.51,3751.03,3108.7,4154.09,0.07942050637457358
1771365757410,2026-02-17 22:02:37.410000,BNBUSDT,618.2,618.1,618.0,617.9,617.8,32.63,367.69,258.28,235.4,202.13,618.3,618.4,618.5,618.6,618.7,288.38,284.91,292.44,377.26,76.28,-0.09238221412602474
1771365757410,2026-02-17 22:02:37.410000,XRPUSDT,1.4818,1.4817,1.4816,1.4815,1.4814,51323.6,65622.0,56864.9,21931.8,15927.0,1.4819,1.482,1.4821,1.4822,1.4823,78.2,28333.9,63690.6,38602.0,48271.9,0.08368883431260889
1771365758420,2026-02-17 22:02:38.420000,BTCUSDT,67601.3,67601.2,67600.9,67600.0,67598.9,0.275,0.009,0.389,1.479,0.009,67601.4,67601.5,67601.6,67601.7,67602.5,5.375,0.009,1.956,0.147,2.065,-0.6310082813967387
1771365758420,2026-02-17 22:02:38.420000,ETHUSDT,1997.4,1997.3,1997.2,1997.1,1997.0,116.197,135.763,140.771,137.097,122.371,1997.5,1997.6,1997.7,1997.8,1997.9,4.614,25.03,43.583,45.547,185.164,0.3642375517316033
1771365758420,2026-02-17 22:02:38.420000,SOLUSDT,85.16,85.15,85.14,85.13,85.12,3216.31,4562.3,3421.41,3705.67,3879.6,85.17,85.18,85.19,85.2,85.21,887.35,4119.51,4027.3,3108.7,4154.09,0.07092876623613543
1771365758420,2026-02-17 22:02:38.420000,BNBUSDT,618.2,618.1,618.0,617.9,617.8,32.63,367.69,258.28,235.4,202.13,618.3,618.4,618.5,618.6,618.7,264.12,309.16,292.44,377.26,76.28,-0.09237845648114802
1771365758420,2026-02-17 22:02:38.420000,XRPUSDT,1.482,1.4819,1.4818,1.4817,1.4816,91885.6,6850.1,57127.8,71167.0,58885.5,1.4821,1.4822,1.4823,1.4824,1.4825,13693.0,691.2,11273.2,31192.0,64198.9,0.40511587871466864
1771365759426,2026-02-17 22:02:39.426000,BTCUSDT,67601.3,67601.2,67600.9,67600.1,67598.9,0.275,0.009,0.389,1.479,0.009,67601.4,67601.5,67601.6,67601.7,67602.5,5.375,0.009,1.956,0.147,2.065,-0.6310082813967387
1771365759426,2026-02-17 22:02:39.426000,ETHUSDT,1997.4,1997.3,1997.2,1997.1,1997.0,116.197,135.763,140.771,137.097,122.371,1997.5,1997.6,1997.7,1997.8,1997.9,4.032,25.03,43.583,45.547,190.599,0.35734815138555026
1771365759426,2026-02-17 22:02:39.426000,SOLUSDT,85.16,85.15,85.14,85.13,85.12,3216.31,4562.3,3421.41,3705.67,3879.6,85.17,85.18,85.19,85.2,85.21,887.35,4119.51,4027.3,3108.7,4154.09,0.07092876623613543
1771365759426,2026-02-17 22:02:39.426000,BNBUSDT,618.2,618.1,618.0,617.9,617.8,32.63,367.69,258.28,235.4,202.13,618.3,618.4,618.5,618.6,618.7,264.12,309.16,292.44,377.26,76.28,-0.09237845648114802
1771365759426,2026-02-17 22:02:39.426000,XRPUSDT,1.4822,1.4821,1.482,1.4819,1.4818,8.1,31309.6,69256.2,6850.1,69742.7,1.4823,1.4824,1.4825,1.4826,1.4827,12658.1,29883.8,66219.5,9881.3,129681.3,-0.1672358526285063
1771365760437,2026-02-17 22:02:40.437000,BTCUSDT,67601.3,67601.2,67600.9,67600.0,67598.9,0.275,0.009,0.389,1.479,0.009,67601.4,67601.5,67601.6,67601.7,67602.5,5.958,0.009,1.956,0.147,2.065,-0.6485035783994796
1771365760437,2026-02-17 22:02:40.437000,ETHUSDT,1997.4,1997.3,1997.2,1997.1,1997.0,116.197,135.763,140.771,137.097,122.371,1997.5,1997.6,1997.7,1997.8,1997.9,4.614,25.03,43.583,45.547,190.599,0.3565266043520402
1771365760437,2026-02-17 22:02:40.437000,SOLUSDT,85.16,85.15,85.14,85.13,85.12,2981.58,4797.03,3421.41,3705.67,3879.6,85.17,85.18,85.19,85.2,85.21,887.35,4119.51,4027.3,3108.7,4154.09,0.07092876623613543
1771365760437,2026-02-17 22:02:40.437000,BNBUSDT,618.2,618.1,618.0,617.9,617.8,32.63,367.69,258.28,235.4,202.13,618.3,618.4,618.5,618.6,618.7,264.12,309.16,292.44,377.26,76.28,-0.09237845648114802
1771365760437,2026-02-17 22:02:40.437000,XRPUSDT,1.4822,1.4821,1.482,1.4819,1.4818,8.1,31309.6,69256.2,6850.1,69742.7,1.4823,1.4824,1.4825,1.4826,1.4827,12658.1,29883.8,66219.5,9881.3,129681.3,-0.1672358526285063
1771365761446,2026-02-17 22:02:41.446000,BTCUSDT,67601.3,67601.2,67600.9,67600.3,67598.9,0.275,0.009,0.389,1.479,0.009,67601.4,67601.5,67601.6,67601.7,67602.5,5.958,0.009,1.956,0.147,2.065,-0.6485035783994796
1771365761446,2026-02-17 22:02:41.446000,ETHUSDT,1997.4,1997.3,1997.2,1997.1,1997.0,116.197,135.763,140.771,137.097,122.371,1997.5,1997.6,1997.7,1997.8,1997.9,4.032,25.03,43.583,45.547,190.599,0.35734815138555026
1771365761446,2026-02-17 22:02:41.446000,SOLUSDT,85.16,85.15,85.14,85.13,85.12,2981.58,4797.03,3421.41,3705.67,3879.6,85.17,85.18,85.19,85.2,85.21,887.35,4119.51,4027.3,3108.7,4154.09,0.07092876623613543
1771365761446,2026-02-17 22:02:41.446000,BNBUSDT,618.2,618.1,618.0,617.9,617.8,32.63,367.69,258.28,235.4,202.13,618.3,618.4,618.5,618.6,618.7,264.12,309.16,292.44,377.26,76.28,-0.09237845648114802
1771365761446,2026-02-17 22:02:41.446000,XRPUSDT,1.4822,1.4821,1.482,1.4819,1.4818,8.1,31309.6,69256.2,6850.1,69742.7,1.4823,1.4824,1.4825,1.4826,1.4827,28585.1,29883.8,66219.5,9881.3,129681.3,-0.19728320817221418
1771365762456,2026-02-17 22:02:42.456000,BTCUSDT,67601.3,67601.2,67601.0,67600.9,67598.9,0.275,1.488,0.042,0.389,0.009,67601.4,67601.5,67601.6,67601.7,67602.5,5.946,0.009,1.956,0.147,2.065,-0.6425442154794744
1771365762456,2026-02-17 22:02:42.456000,ETHUSDT,1997.4,1997.3,1997.2,1997.1,1997.0,116.197,135.763,140.771,137.097,122.371,1997.5,1997.7,1997.8,1997.9,1998.0,3.982,68.611,8.006,228.138,42.051,0.30051336657404326
1771365762456,2026-02-17 22:02:42.456000,SOLUSDT,85.16,85.15,85.14,85.13,85.12,3920.89,4284.3,3341.41,3983.67,3879.6,85.17,85.18,85.19,85.2,85.21,232.76,4362.52,4269.82,3121.43,4132.1,0.09263661567473994
1771365762456,2026-02-17 22:02:42.456000,BNBUSDT,618.2,618.1,618.0,617.9,617.8,32.63,367.69,258.28,235.4,202.13,618.3,618.4,618.5,618.6,618.7,264.12,309.16,292.44,377.26,76.28,-0.09237845648114802
1771365762456,2026-02-17 22:02:42.456000,XRPUSDT,1.4822,1.4821,1.482,1.4819,1.4818,8.1,31309.6,69256.2,6850.1,69742.7,1.4823,1.4824,1.4825,1.4826,1.4827,28585.1,29883.8,66219.5,9881.3,129681.3,-0.19728320817221418
1771365763464,2026-02-17 22:02:43.464000,BTCUSDT,67601.3,67601.2,67601.0,67600.9,67598.9,1.348,1.488,0.042,0.389,0.009,67601.4,67601.5,67601.6,67601.7,67604.0,4.936,0.009,1.956,0.147,0.006,-0.36573088092933204
1771365763464,2026-02-17 22:02:43.464000,ETHUSDT,1997.6,1997.5,1997.4,1997.3,1997.2,17.197,88.724,143.032,112.828,36.496,1997.7,1997.8,1997.9,1998.0,1998.1,46.7,27.86,224.806,42.391,139.74,-0.09459247488559558
1771365763464,2026-02-17 22:02:43.464000,SOLUSDT,85.17,85.16,85.15,85.14,85.13,1026.95,3336.64,4290.87,3332.7,3631.27,85.18,85.19,85.2,85.21,85.22,3863.21,5100.5,3121.43,4132.1,3057.81,-0.10479378955610044
1771365763464,2026-02-17 22:02:43.464000,BNBUSDT,618.2,618.1,618.0,617.9,617.8,52.03,367.69,258.28,235.4,202.13,618.3,618.4,618.5,618.6,618.7,247.95,325.33,292.44,377.26,76.28,-0.08367456741649178
1771365763464,2026-02-17 22:02:43.464000,XRPUSDT,1.4825,1.4824,1.4823,1.4822,1.4821,62.1,35415.4,19648.4,57129.1,19712.3,1.4826,1.4827,1.4828,1.4829,1.483,1587.4,74248.5,18090.8,73312.9,45607.9,-0.2345612775321709
1771365764472,2026-02-17 22:02:44.472000,BTCUSDT,67601.3,67601.2,67601.0,67600.9,67600.1,1.258,1.642,0.039,0.389,0.147,67601.4,67601.5,67601.6,67601.7,67604.0,5.597,0.009,1.956,0.147,0.006,-0.37890974084003587
1771365764472,2026-02-17 22:02:44.472000,ETHUSDT,1997.6,1997.5,1997.4,1997.3,1997.2,23.204,88.724,137.024,112.828,36.496,1997.7,1997.8,1997.9,1998.0,1998.1,46.65,27.86,224.806,42.391,139.74,-0.09454225932481032
1771365764472,2026-02-17 22:02:44.472000,SOLUSDT,85.17,85.16,85.15,85.14,85.13,1026.95,3278.9,4626.61,3332.7,3353.27,85.18,85.19,85.2,85.21,85.22,3862.04,5100.5,3121.43,4148.99,3636.83,-0.11979637186649543
1771365764472,2026-02-17 22:02:44.472000,BNBUSDT,618.2,618.1,618.0,617.9,617.8,52.03,367.69,258.28,235.4,192.43,618.3,618.4,618.5,618.6,618.7,247.95,325.33,292.44,377.26,76.28,-0.08800910481672847
1771365764472,2026-02-17 22:02:44.472000,XRPUSDT,1.4825,1.4824,1.4823,1.4822,1.4821,8.1,35415.4,19648.4,57129.1,19712.3,1.4826,1.4827,1.4828,1.4829,1.483,11704.7,62081.4,18090.8,73312.9,45607.9,-0.23017761320762972
1771365765479,2026-02-17 22:02:45.479000,BTCUSDT,67601.3,67601.2,67601.0,67600.9,67600.1,1.412,1.488,0.04,0.389,0.147,67601.4,67601.5,67601.6,67601.7,67604.0,5.597,0.009,1.956,0.147,0.006,-0.37878652488606934
1771365765479,2026-02-17 22:02:45.479000,ETHUSDT,1997.6,1997.5,1997.4,1997.3,1997.2,23.204,88.724,137.024,112.828,36.496,1997.7,1997.8,1997.9,1998.0,1998.1,46.7,2.833,249.832,42.391,139.74,-0.09459268992420773
1771365765479,2026-02-17 22:02:45.479000,SOLUSDT,85.17,85.16,85.15,85.14,85.13,1026.95,3334.88,4568.87,3332.7,3353.27,85.18,85.19,85.2,85.21,85.22,3862.04,5100.5,3121.43,4148.99,3057.81,-0.10525263382247448
1771365765479,2026-02-17 22:02:45.479000,BNBUSDT,618.2,618.1,618.0,617.9,617.8,52.03,367.69,258.28,235.4,192.43,618.3,618.4,618.5,618.6,618.7,247.95,325.33,292.44,377.26,76.28,-0.08800910481672847
1771365765479,2026-02-17 22:02:45.479000,XRPUSDT,1.4825,1.4824,1.4823,1.4822,1.4821,40722.6,35415.4,19648.4,57129.1,19712.3,1.4826,1.4827,1.4828,1.4829,1.483,11704.7,62081.4,18090.8,73312.9,45607.9,-0.09954971695935715
1771365766486,2026-02-17 22:02:46.486000,BTCUSDT,67601.3,67601.2,67601.0,67600.9,67600.1,1.4,1.488,0.04,0.389,0.147,67601.4,67601.5,67601.6,67601.7,67604.7,1.503,0.009,1.956,0.147,0.148,-0.04137263041372629
1771365766486,2026-02-17 22:02:46.486000,ETHUSDT,1997.6,1997.5,1997.4,1997.3,1997.2,25.503,87.808,135.847,112.628,36.496,1997.7,1997.8,1997.9,1998.0,1998.1,40.685,26.784,180.774,79.928,140.816,-0.08152603171564991
1771365766486,2026-02-17 22:02:46.486000,SOLUSDT,85.17,85.16,85.15,85.14,85.13,1259.71,3053.26,4568.87,3332.7,3353.27,85.18,85.19,85.2,85.21,85.22,3862.04,5100.5,3121.43,4132.1,3057.81,-0.10636883572524752
1771365766486,2026-02-17 22:02:46.486000,BNBUSDT,618.2,618.1,618.0,617.9,617.8,76.29,343.43,258.28,235.4,192.43,618.3,618.4,618.5,618.6,618.7,247.95,325.33,292.44,377.26,76.28,-0.08800910481672847
1771365766486,2026-02-17 22:02:46.486000,XRPUSDT,1.4826,1.4825,1.4823,1.4822,1.4821,36409.4,63302.6,50687.5,67915.8,7100.0,1.4829,1.483,1.4831,1.4832,1.4833,896.3,13031.5,41325.2,50864.9,105816.5,0.030824075105116103
1771365767496,2026-02-17 22:02:47.496000,BTCUSDT,67612.0,67611.0,67610.9,67609.5,67609.2,1.977,0.009,0.05,0.147,0.01,67612.1,67613.6,67613.7,67614.8,67617.9,2.278,0.009,0.01,0.148,0.022,-0.058798283261802586
1771365767496,2026-02-17 22:02:47.496000,ETHUSDT,1998.0,1997.9,1997.8,1997.7,1997.6,21.767,63.747,2.928,130.559,143.12,1998.1,1998.3,1998.4,1998.5,1998.6,80.51,184.765,31.886,143.881,155.793,-0.2447599264199818
1771365767496,2026-02-17 22:02:47.496000,SOLUSDT,85.17,85.16,85.15,85.14,85.13,5138.65,2788.84,3316.71,4851.8,3347.92,85.18,85.19,85.2,85.21,85.22,40.59,3051.92,4117.74,4171.12,3067.17,0.14738912430670417
1771365767496,2026-02-17 22:02:47.496000,BNBUSDT,618.3,618.2,618.1,618.0,617.9,89.74,206.61,406.08,228.09,63.29,618.4,618.5,618.6,618.7,618.8,60.88,280.42,417.38,48.49,308.03,-0.05755781148500954
1771365767496,2026-02-17 22:02:47.496000,XRPUSDT,1.4829,1.4828,1.4827,1.4826,1.4825,40533.6,51332.8,47375.6,57057.9,71188.5,1.483,1.4831,1.4832,1.4833,1.4834,15280.2,17976.8,50864.9,108808.8,55156.7,0.0376297723826448
1771365768506,2026-02-17 22:02:48.506000,BTCUSDT,67617.7,67617.0,67615.7,67614.0,67613.9,2.026,5.175,0.009,0.009,0.147,67617.8,67618.4,67619.6,67621.8,67622.1,4.404,0.001,0.148,0.221,0.002,0.2133091747652776
1771365768506,2026-02-17 22:02:48.506000,ETHUSDT,1998.2,1998.1,1998.0,1997.9,1997.8,110.075,1.006,4.024,135.917,140.571,1998.3,1998.5,1998.6,1998.7,1998.8,73.742,174.137,32.649,157.164,203.224,-0.24147295568367924
1771365768506,2026-02-17 22:02:48.506000,SOLUSDT,85.18,85.17,85.16,85.15,85.14,3867.77,3561.33,2763.03,3333.63,3917.61,85.19,85.2,85.21,85.22,85.23,847.65,1941.68,3773.33,3072.97,3311.65,0.1479431996354143
1771365768506,2026-02-17 22:02:48.506000,BNBUSDT,618.4,618.3,618.2,618.1,618.0,331.36,226.37,275.33,163.37,69.34,618.5,618.6,618.7,618.8,618.9,24.61,275.05,111.95,346.57,289.79,0.008421092471164834
1771365768506,2026-02-17 22:02:48.506000,XRPUSDT,1.4832,1.4831,1.483,1.4829,1.4828,12789.9,55696.4,16603.6,104001.0,23561.5,1.4833,1.4834,1.4835,1.4836,1.4837,13693.0,41862.8,38958.1,115166.6,35190.3,-0.07041916125783347
1771365769511,2026-02-17 22:02:49.511000,BTCUSDT,67617.7,67617.4,67617.3,67617.0,67615.9,1.887,0.009,0.147,5.175,1.947,67617.8,67618.3,67618.4,67619.6,67621.3,3.169,0.009,0.01,0.148,1.478,0.31125259317547743
1771365769511,2026-02-17 22:02:49.511000,ETHUSDT,1998.2,1998.1,1998.0,1997.9,1997.8,110.075,1.006,36.772,139.465,111.17,1998.3,1998.4,1998.5,1998.6,1998.7,32.123,37.53,175.74,28.364,157.364,-0.03933539775966749
1771365769511,2026-02-17 22:02:49.511000,SOLUSDT,85.18,85.17,85.16,85.15,85.14,4776.87,3561.33,3362.25,3323.97,3917.61,85.19,85.2,85.21,85.22,85.23,906.11,1941.68,4982.12,2838.24,3325.64,0.1502388584829526
1771365769511,2026-02-17 22:02:49.511000,BNBUSDT,618.4,618.3,618.2,618.1,618.0,331.36,273.93,275.33,115.84,69.34,618.5,618.6,618.7,618.8,618.9,24.61,269.07,111.95,346.57,289.79,0.011296191745857009
1771365769511,2026-02-17 22:02:49.511000,XRPUSDT,1.4833,1.4832,1.4831,1.483,1.4829,40533.6,58173.5,40525.5,29389.8,91213.0,1.4834,1.4835,1.4836,1.4837,1.4838,14970.3,18548.4,100175.9,48222.1,55153.5,0.04581393327022278
1771365770513,2026-02-17 22:02:50.513000,BTCUSDT,67617.7,67617.6,67617.3,67617.0,67615.9,1.943,0.009,0.147,5.175,1.947,67617.8,67618.3,67618.4,67619.5,67619.6,1.203,0.009,0.01,0.147,1.947,0.4710058227646168
1771365770513,2026-02-17 22:02:50.513000,ETHUSDT,1998.2,1998.1,1998.0,1997.9,1997.8,110.075,1.006,36.772,139.265,111.17,1998.3,1998.4,1998.5,1998.6,1998.7,32.173,37.53,175.74,28.364,157.605,-0.039922863685669545
1771365770513,2026-02-17 22:02:50.513000,SOLUSDT,85.18,85.17,85.16,85.15,85.14,4800.35,3562.6,3318.57,3328.32,3917.61,85.19,85.2,85.21,85.22,85.23,906.11,2915.71,4008.06,2838.24,3311.65,0.15035241506271274
1771365770513,2026-02-17 22:02:50.513000,BNBUSDT,618.4,618.3,618.2,618.1,618.0,331.36,273.93,275.33,115.84,69.34,618.5,618.6,618.7,618.8,618.9,24.61,254.52,117.82,346.57,304.34,0.00848764701986131
1771365770513,2026-02-17 22:02:50.513000,XRPUSDT,1.4833,1.4832,1.4831,1.483,1.4829,50646.1,37947.0,40525.5,29389.8,91213.0,1.4834,1.4835,1.4836,1.4837,1.4838,15411.2,18107.5,100175.9,48222.1,55153.5,0.02598894475582572
1771365771522,2026-02-17 22:02:51.522000,BTCUSDT,67617.7,67617.6,67617.3,67617.0,67615.9,2.201,0.009,0.147,5.175,1.947,67617.8,67618.4,67619.5,67619.6,67620.4,0.526,0.001,0.147,1.947,0.003,0.5663884987193257
1771365771522,2026-02-17 22:02:51.522000,ETHUSDT,1998.4,1998.3,1998.2,1998.1,1998.0,0.501,113.501,136.656,0.444,137.223,1998.5,1998.6,1998.7,1998.8,1998.9,36.492,28.715,186.531,104.832,235.855,-0.20810604129492727
1771365771522,2026-02-17 22:02:51.522000,SOLUSDT,85.18,85.17,85.16,85.15,85.14,4175.33,3447.79,4138.36,3972.84,2717.25,85.19,85.2,85.21,85.22,85.23,614.0,62.17,1335.15,4040.07,3086.4,0.3375859389271806
1771365771522,2026-02-17 22:02:51.522000,BNBUSDT,618.4,618.3,618.2,618.1,618.0,322.34,279.37,275.33,110.98,69.34,618.5,618.6,618.7,618.8,618.9,19.53,258.15,117.82,346.57,304.34,0.005204941604833251
1771365771522,2026-02-17 22:02:51.522000,XRPUSDT,1.4833,1.4832,1.4831,1.483,1.4829,6.7,10113.2,62546.5,60191.0,60413.5,1.4834,1.4835,1.4836,1.4837,1.4838,36197.6,39090.1,97980.2,35252.9,55153.5,-0.1540740552696472
1771365772532,2026-02-17 22:02:52.532000,BTCUSDT,67618.3,67618.1,67618.0,67617.8,67617.7,5.553,0.009,0.002,2.065,2.103,67618.4,67621.7,67622.4,67622.5,67622.7,0.003,0.009,0.009,0.147,0.616,0.8508938759984783
1771365772532,2026-02-17 22:02:52.532000,ETHUSDT,1998.4,1998.3,1998.2,1998.1,1998.0,23.177,90.19,136.656,3.747,139.878,1998.5,1998.6,1998.7,1998.8,1998.9,39.536,3.698,203.299,109.97,235.855,-0.2015302138120864
1771365772532,2026-02-17 22:02:52.532000,SOLUSDT,85.18,85.17,85.16,85.15,85.14,5176.21,3986.31,4323.69,3684.5,2706.55,85.19,85.21,85.22,85.23,85.24,370.05,40.09,2394.99,3480.67,3159.12,0.35578323303383314
1771365772532,2026-02-17 22:02:52.532000,BNBUSDT,618.4,618.3,618.2,618.1,618.0,295.77,309.97,243.32,149.8,69.34,618.5,618.6,618.7,618.8,618.9,19.53,239.86,101.85,377.97,273.73,0.02655275474019036
1771365772532,2026-02-17 22:02:52.532000,XRPUSDT,1.4833,1.4832,1.4831,1.483,1.4829,40537.9,31925.6,62546.5,72977.2,47625.5,1.4834,1.4835,1.4836,1.4837,1.4838,25142.1,7996.3,100175.9,48222.1,55153.5,0.03843733508618483
1771365773538,2026-02-17 22:02:53.538000,BTCUSDT,67618.3,67618.1,67618.0,67617.7,67617.6,5.585,0.009,0.002,2.103,2.218,67618.4,67621.7,67622.4,67622.5,67622.7,0.003,0.009,0.009,0.147,0.616,0.8534716381646574
1771365773538,2026-02-17 22:02:53.538000,ETHUSDT,1998.6,1998.5,1998.4,1998.3,1998.2,21.774,87.565,8.588,130.559,142.027,1998.7,1998.8,1998.9,1999.0,1999.1,79.991,135.453,189.071,26.536,145.785,-0.19261197354832646
1771365773538,2026-02-17 22:02:53.538000,SOLUSDT,85.18,85.17,85.16,85.15,85.14,4265.97,3990.66,4138.36,3684.5,2706.55,85.19,85.21,85.22,85.23,85.24,370.05,40.09,2394.99,2937.8,3159.12,0.3569762305742289
1771365773538,2026-02-17 22:02:53.538000,BNBUSDT,618.5,618.4,618.3,618.2,618.1,60.27,257.94,309.33,243.32,120.0,618.6,618.7,618.8,618.9,619.0,242.89,101.85,377.97,273.73,320.17,-0.14117193289620242
1771365773538,2026-02-17 22:02:53.538000,XRPUSDT,1.4833,1.4832,1.4831,1.483,1.4829,40537.9,31925.6,62546.5,72977.2,47625.5,1.4834,1.4835,1.4836,1.4837,1.4838,25142.1,23163.1,85010.1,48222.1,55153.5,0.03843522574281402
1771365774548,2026-02-17 22:02:54.548000,BTCUSDT,67618.3,67618.2,67618.0,67617.8,67617.7,5.585,0.013,0.002,2.065,2.103,67618.4,67621.7,67622.4,67622.5,67623.0,0.001,0.009,0.009,0.009,0.009,0.992452830188679
1771365774548,2026-02-17 22:02:54.548000,ETHUSDT,1998.6,1998.5,1998.4,1998.3,1998.2,21.724,87.565,8.681,134.106,142.027,1998.7,1998.8,1998.9,1999.0,1999.1,113.973,97.931,189.071,26.536,150.975,-0.1895795654690728
1771365774548,2026-02-17 22:02:54.548000,SOLUSDT,85.18,85.17,85.16,85.15,85.14,5239.96,3990.66,4320.71,3684.5,2706.55,85.19,85.21,85.22,85.23,85.24,370.05,40.09,2271.17,3264.97,3159.12,0.37307429345719356
1771365774548,2026-02-17 22:02:54.548000,BNBUSDT,618.5,618.4,618.3,618.2,618.1,60.27,257.94,309.33,243.32,120.0,618.6,618.7,618.8,618.9,619.0,242.89,101.85,377.97,273.73,320.17,-0.14117193289620242
1771365774548,2026-02-17 22:02:54.548000,XRPUSDT,1.4833,1.4832,1.4831,1.483,1.4829,40537.9,30472.8,62546.5,72977.2,47625.5,1.4834,1.4835,1.4836,1.4837,1.4838,15030.2,18107.5,85010.1,63386.8,55153.5,0.03559513332029471
1771365775559,2026-02-17 22:02:55.559000,BTCUSDT,67618.3,67618.2,67618.0,67617.8,67617.7,5.585,0.013,0.002,2.065,2.103,67618.4,67621.7,67622.4,67622.5,67623.0,0.001,0.009,0.009,0.009,0.009,0.992452830188679
1771365775559,2026-02-17 22:02:55.559000,ETHUSDT,1998.6,1998.5,1998.4,1998.3,1998.2,21.774,88.605,7.641,134.106,142.027,1998.7,1998.8,1998.9,1999.0,1999.1,51.433,94.1,189.271,26.536,150.975,-0.1303542982212278
1771365775559,2026-02-17 22:02:55.559000,SOLUSDT,85.2,85.19,85.18,85.17,85.16,4782.21,2944.29,4970.83,4286.21,2867.26,85.21,85.22,85.23,85.24,85.25,233.15,1353.74,3004.16,3402.13,3926.58,0.24963488210469068
1771365775559,2026-02-17 22:02:55.559000,BNBUSDT,618.5,618.4,618.3,618.2,618.1,60.27,257.94,309.33,243.32,120.0,618.6,618.7,618.8,618.9,619.0,242.89,109.89,377.97,273.73,320.17,-0.1441539876744217
1771365775559,2026-02-17 22:02:55.559000,XRPUSDT,1.4834,1.4833,1.4832,1.4831,1.483,36076.1,47375.6,15927.0,60409.9,59514.4,1.4835,1.4836,1.4837,1.4838,1.4839,13692.9,1587.1,43342.1,56417.6,87069.2,0.040801173388791356
1771365776567,2026-02-17 22:02:56.567000,BTCUSDT,67623.7,67623.5,67623.4,67623.0,67621.7,7.415,0.009,0.147,2.218,0.105,67623.8,67627.3,67628.9,67629.0,67631.0,0.667,0.009,0.009,0.009,0.002,0.8685552407932012
1771365776567,2026-02-17 22:02:56.567000,ETHUSDT,1998.6,1998.5,1998.4,1998.3,1998.2,80.783,42.532,141.262,149.261,105.966,1998.7,1998.9,1999.0,1999.1,1999.2,0.194,3.547,37.518,151.075,54.839,0.35546176743240016
1771365776567,2026-02-17 22:02:56.567000,SOLUSDT,85.2,85.19,85.18,85.17,85.16,5242.53,5239.28,4151.41,3431.25,2865.26,85.21,85.22,85.23,85.24,85.25,0.39,67.88,1297.35,3670.91,2943.78,0.44792120661195917
1771365776567,2026-02-17 22:02:56.567000,BNBUSDT,618.6,618.5,618.4,618.3,618.2,274.37,278.73,351.61,66.66,75.58,618.7,618.8,618.9,619.0,619.1,33.6,307.53,345.51,264.86,73.13,0.0107743847691134
1771365776567,2026-02-17 22:02:56.567000,XRPUSDT,1.4837,1.4836,1.4835,1.4834,1.4833,75920.3,15927.0,47375.6,38598.7,90955.6,1.4838,1.4839,1.484,1.4841,1.4842,13693.0,1343.9,41678.5,48797.4,80651.8,0.18158938132306146
1771365777575,2026-02-17 22:02:57.575000,BTCUSDT,67626.4,67625.2,67623.7,67623.0,67622.9,2.111,0.148,0.018,0.009,0.003,67626.5,67626.6,67628.2,67628.3,67628.4,2.302,0.015,0.009,2.065,0.265,-0.3408207343412526
1771365777575,2026-02-17 22:02:57.575000,ETHUSDT,1998.4,1998.3,1998.2,1998.1,1998.0,80.536,1.004,0.435,169.038,121.162,1998.5,1998.6,1998.7,1998.8,1998.9,74.42,7.292,219.79,9.462,188.61,-0.14614183669840738
1771365777575,2026-02-17 22:02:57.575000,SOLUSDT,85.21,85.2,85.19,85.18,85.17,3852.84,4484.46,4543.98,4493.6,3076.81,85.22,85.23,85.24,85.25,85.26,300.64,1317.81,3525.61,3349.77,3031.01,0.2791688153780288
1771365777575,2026-02-17 22:02:57.575000,BNBUSDT,618.6,618.5,618.4,618.3,618.2,40.02,326.95,351.61,221.15,93.58,618.7,618.8,618.9,619.0,619.1,85.33,251.51,313.61,294.41,368.13,-0.11920044325107627
1771365777575,2026-02-17 22:02:57.575000,XRPUSDT,1.4838,1.4837,1.4836,1.4835,1.4834,8.7,50635.3,31092.8,47789.7,29630.1,1.4839,1.484,1.4841,1.4842,1.4843,32498.2,57031.1,36786.2,65492.2,68322.2,-0.24082172929488552
1771365778583,2026-02-17 22:02:58.583000,BTCUSDT,67626.4,67625.2,67623.7,67623.0,67622.9,2.112,0.148,0.009,0.009,0.014,67626.5,67626.6,67626.7,67628.4,67628.5,2.499,0.009,0.036,0.057,0.147,-0.09047619047619049
1771365778583,2026-02-17 22:02:58.583000,ETHUSDT,1998.6,1998.5,1998.4,1998.3,1998.2,71.219,0.227,50.289,134.106,104.075,1998.7,1998.8,1998.9,1999.0,1999.1,65.199,86.792,169.392,16.743,144.786,-0.1459325034289321
1771365778583,2026-02-17 22:02:58.583000,SOLUSDT,85.21,85.2,85.19,85.18,85.17,3852.84,4482.61,4548.33,4493.6,3260.94,85.22,85.23,85.24,85.25,85.26,300.64,52.67,3499.35,3105.56,3031.01,0.34769643670486217
1771365778583,2026-02-17 22:02:58.583000,BNBUSDT,618.6,618.5,618.4,618.3,618.2,59.41,319.6,351.61,221.15,93.58,618.7,618.8,618.9,619.0,619.1,85.33,251.48,313.61,294.41,368.13,-0.11347532767108655
1771365778583,2026-02-17 22:02:58.583000,XRPUSDT,1.4838,1.4837,1.4836,1.4835,1.4834,8.7,47375.6,16601.1,73350.6,31344.7,1.4839,1.484,1.4841,1.4842,1.4843,25398.2,57281.0,23820.5,65853.1,68322.2,-0.1758722304343142
1771365779588,2026-02-17 22:02:59.588000,BTCUSDT,67626.4,67625.2,67623.7,67623.3,67622.9,0.79,0.148,0.018,0.009,0.005,67626.5,67626.6,67626.7,67628.4,67628.5,2.6,0.009,0.036,0.057,0.147,-0.4920136161298768
1771365779588,2026-02-17 22:02:59.588000,ETHUSDT,1998.6,1998.5,1998.4,1998.3,1998.2,71.219,0.227,50.289,134.106,104.075,1998.7,1998.8,1998.9,1999.0,1999.1,65.271,86.792,169.592,16.743,144.786,-0.146208041750682
1771365779588,2026-02-17 22:02:59.588000,SOLUSDT,85.21,85.2,85.19,85.18,85.17,3852.84,4482.61,4548.33,4493.6,3260.94,85.22,85.23,85.24,85.25,85.26,300.64,52.67,3499.35,2910.78,3031.01,0.35632214878895346
1771365779588,2026-02-17 22:02:59.588000,BNBUSDT,618.6,618.5,618.4,618.3,618.2,59.41,319.6,356.47,221.15,93.58,618.7,618.8,618.9,619.0,619.1,93.57,251.48,313.61,294.41,368.13,-0.11427378648146032
1771365779588,2026-02-17 22:02:59.588000,XRPUSDT,1.4838,1.4837,1.4836,1.4835,1.4834,8.7,47375.6,26711.6,60567.0,31344.7,1.4839,1.484,1.4841,1.4842,1.4843,25398.2,57281.0,23820.5,65853.1,68322.2,-0.18360116710181354
1771365780597,2026-02-17 22:03:00.597000,BTCUSDT,67626.4,67625.2,67623.7,67623.3,67622.9,0.632,0.148,0.018,0.009,1.483,67626.5,67626.6,67626.7,67628.4,67628.5,2.56,0.009,0.036,0.057,0.147,-0.10178466365954102
1771365780597,2026-02-17 22:03:00.597000,ETHUSDT,1998.6,1998.5,1998.4,1998.3,1998.2,71.019,0.027,12.759,171.837,104.075,1998.7,1998.8,1998.9,1999.0,1999.1,102.795,49.27,169.592,16.743,144.786,-0.14648067452601313
1771365780597,2026-02-17 22:03:00.597000,SOLUSDT,85.21,85.2,85.19,85.18,85.17,3852.84,4482.61,4548.33,4493.6,3260.94,85.22,85.23,85.24,85.25,85.26,308.07,1933.91,3762.73,2910.78,3031.01,0.2667444533988526
1771365780597,2026-02-17 22:03:00.597000,BNBUSDT,618.6,618.5,618.4,618.3,618.2,59.41,319.6,356.47,221.15,93.58,618.7,618.8,618.9,619.0,619.1,93.57,251.48,313.61,294.41,368.13,-0.11427378648146032
1771365780597,2026-02-17 22:03:00.597000,XRPUSDT,1.4838,1.4837,1.4836,1.4835,1.4834,8.7,47375.6,16601.1,71199.0,31344.7,1.4839,1.484,1.4841,1.4842,1.4843,25398.2,57281.0,23820.5,65853.1,68322.2,-0.1820853473724847
1771365781605,2026-02-17 22:03:01.605000,BTCUSDT,67623.7,67623.2,67623.0,67621.8,67620.2,0.103,0.147,0.677,1.478,0.148,67623.8,67625.4,67625.5,67625.6,67625.7,4.569,0.147,0.009,5.175,0.009,-0.5902744342802118
1771365781605,2026-02-17 22:03:01.605000,ETHUSDT,1998.5,1998.4,1998.3,1998.2,1998.1,2.624,25.02,4.563,72.905,10.908,1998.6,1998.7,1998.8,1998.9,1999.0,126.576,150.703,45.715,183.503,106.051,-0.6815122267242042
1771365781605,2026-02-17 22:03:01.605000,SOLUSDT,85.21,85.2,85.19,85.18,85.17,2451.52,4207.88,2758.45,5340.19,3076.81,85.22,85.23,85.24,85.25,85.26,2233.67,4099.22,3507.04,2693.77,3001.42,0.06891615425485842
1771365781605,2026-02-17 22:03:01.605000,BNBUSDT,618.6,618.5,618.4,618.3,618.2,3.14,328.28,252.99,253.15,191.26,618.7,618.8,618.9,619.0,619.1,285.43,278.03,313.61,318.64,166.08,-0.13928244255650235
1771365781605,2026-02-17 22:03:01.605000,XRPUSDT,1.4835,1.4834,1.4833,1.4832,1.4831,60469.9,32017.7,105757.0,27386.6,89193.2,1.4836,1.4837,1.4838,1.4839,1.484,856.6,21508.4,29954.5,23680.2,97062.7,0.290563302798928
1771365782616,2026-02-17 22:03:02.616000,BTCUSDT,67623.7,67623.3,67623.2,67623.0,67620.3,0.103,1.478,0.147,0.677,0.009,67623.8,67623.9,67624.0,67625.4,67625.6,2.484,0.038,0.009,0.147,5.175,-0.529755527417941
1771365782616,2026-02-17 22:03:02.616000,ETHUSDT,1998.5,1998.4,1998.3,1998.2,1998.1,2.624,25.02,42.094,35.372,10.908,1998.6,1998.7,1998.8,1998.9,1999.0,159.517,146.626,15.974,183.503,106.051,-0.6811330114925469
1771365782616,2026-02-17 22:03:02.616000,SOLUSDT,85.21,85.2,85.19,85.18,85.17,469.8,3325.75,2906.16,3881.0,4821.55,85.22,85.23,85.24,85.25,85.26,5000.31,3046.09,3236.07,2738.09,3818.34,-0.07323732160239889
1771365782616,2026-02-17 22:03:02.616000,BNBUSDT,618.6,618.5,618.4,618.3,618.2,3.46,328.28,252.99,253.15,191.26,618.7,618.8,618.9,619.0,619.1,285.43,278.03,313.61,318.64,166.08,-0.13912996198132113
1771365782616,2026-02-17 22:03:02.616000,XRPUSDT,1.4835,1.4834,1.4833,1.4832,1.4831,40874.1,26038.9,106786.0,40419.1,80654.3,1.4836,1.4837,1.4838,1.4839,1.484,50682.1,1288.7,1097.8,36647.7,84096.1,0.2581389750585167
1771365783625,2026-02-17 22:03:03.625000,BTCUSDT,67627.2,67626.3,67625.5,67625.4,67625.3,1.937,0.147,2.176,2.218,0.955,67627.3,67629.6,67629.7,67629.8,67632.0,0.941,0.009,0.009,0.003,2.129,0.41258076776890906
1771365783625,2026-02-17 22:03:03.625000,ETHUSDT,1998.9,1998.8,1998.6,1998.5,1998.4,21.471,0.875,174.225,145.921,135.563,1999.0,1999.1,1999.2,1999.3,1999.4,76.324,16.849,151.588,70.853,11.91,0.1868606306768175
1771365783625,2026-02-17 22:03:03.625000,SOLUSDT,85.21,85.2,85.19,85.18,85.17,3985.31,3824.16,2863.89,3830.65,4260.68,85.22,85.23,85.24,85.25,85.26,300.64,1814.83,3513.74,2750.71,3029.5,0.24376095931247024
1771365783625,2026-02-17 22:03:03.625000,BNBUSDT,618.6,618.5,618.4,618.3,618.2,23.26,352.53,228.74,253.15,191.26,618.7,618.8,618.9,619.0,619.1,309.67,278.03,313.61,294.41,70.35,-0.09379225143735874
1771365783625,2026-02-17 22:03:03.625000,XRPUSDT,1.4835,1.4834,1.4833,1.4832,1.4831,69461.2,15927.0,91617.2,40419.1,80654.3,1.4836,1.4837,1.4838,1.4839,1.484,13701.0,440.8,54130.7,36647.7,100105.7,0.18495732598005943
1771365784633,2026-02-17 22:03:04.633000,BTCUSDT,67627.2,67627.1,67626.6,67626.3,67625.5,1.997,0.009,0.029,0.147,2.176,67627.3,67629.0,67629.1,67629.6,67629.7,0.941,0.009,0.156,0.009,1.947,0.17466307277628043
1771365784633,2026-02-17 22:03:04.633000,ETHUSDT,1998.9,1998.8,1998.7,1998.6,1998.5,96.223,2.309,6.205,147.206,107.819,1999.0,1999.1,1999.2,1999.3,1999.4,109.252,16.849,151.943,73.493,16.973,-0.012011995518158038
1771365784633,2026-02-17 22:03:04.633000,SOLUSDT,85.21,85.2,85.19,85.18,85.17,3931.53,4269.17,3442.91,3830.65,4260.68,85.22,85.23,85.24,85.25,85.26,300.64,1357.53,4536.55,2750.71,3028.29,0.24476657165581894
1771365784633,2026-02-17 22:03:04.633000,BNBUSDT,618.6,618.5,618.4,618.3,618.2,25.21,352.53,228.74,253.15,189.31,618.7,618.8,618.9,619.0,619.1,309.67,278.03,313.61,294.41,70.35,-0.09379225143735874
1771365784633,2026-02-17 22:03:04.633000,XRPUSDT,1.4835,1.4834,1.4833,1.4832,1.4831,69461.2,15927.0,91617.2,40419.1,80654.3,1.4836,1.4837,1.4838,1.4839,1.484,13701.0,440.8,54130.7,36647.7,100105.7,0.18495732598005943
1771365785644,2026-02-17 22:03:05.644000,BTCUSDT,67627.2,67627.1,67626.9,67626.5,67625.3,5.356,0.009,1.947,2.218,0.37,67627.3,67629.0,67629.1,67629.2,67629.8,0.663,0.009,0.009,1.487,0.147,0.6209578387228818
1771365785644,2026-02-17 22:03:05.644000,ETHUSDT,1998.9,1998.8,1998.7,1998.6,1998.5,87.467,2.309,6.205,147.206,140.759,1999.0,1999.1,1999.2,1999.3,1999.4,119.69,15.215,151.943,78.497,16.912,0.0022043766469198953
1771365785644,2026-02-17 22:03:05.644000,SOLUSDT,85.21,85.2,85.19,85.18,85.17,3931.53,4269.17,3442.91,3830.65,4260.68,85.22,85.23,85.24,85.25,85.26,300.64,1357.53,4536.55,2750.71,3028.29,0.24476657165581894
1771365785644,2026-02-17 22:03:05.644000,BNBUSDT,618.6,618.5,618.4,618.3,618.2,306.09,278.62,260.74,19.1,189.31,618.7,618.8,618.9,619.0,619.1,69.0,282.54,313.61,294.41,272.4,-0.07791514642447782
1771365785644,2026-02-17 22:03:05.644000,XRPUSDT,1.4835,1.4834,1.4833,1.4832,1.4831,54294.4,15927.0,106780.2,40419.1,80654.3,1.4836,1.4837,1.4838,1.4839,1.484,13701.0,1288.7,31520.0,36647.7,84944.0,0.2788077646144249
1771365786653,2026-02-17 22:03:06.653000,BTCUSDT,67627.2,67627.1,67626.9,67626.5,67625.5,5.356,0.009,1.947,2.218,0.027,67627.3,67629.0,67629.1,67629.2,67629.8,0.747,0.009,0.009,1.478,0.147,0.5998995563739852
1771365786653,2026-02-17 22:03:06.653000,ETHUSDT,1998.9,1998.8,1998.7,1998.6,1998.5,87.133,2.309,6.205,147.206,140.759,1999.0,1999.1,1999.2,1999.3,1999.4,119.69,15.215,151.943,78.497,16.912,0.0017692320749370474
1771365786653,2026-02-17 22:03:06.653000,SOLUSDT,85.21,85.2,85.19,85.18,85.17,3986.45,4214.33,3442.91,3830.65,4260.68,85.22,85.23,85.24,85.25,85.26,300.64,1357.53,4536.55,2750.71,3028.29,0.24476847708234373
1771365786653,2026-02-17 22:03:06.653000,BNBUSDT,618.6,618.5,618.4,618.3,618.2,306.09,278.62,260.74,19.1,189.31,618.7,618.8,618.9,619.0,619.1,69.0,282.54,313.61,294.41,272.4,-0.07791514642447782
1771365786653,2026-02-17 22:03:06.653000,XRPUSDT,1.4835,1.4834,1.4833,1.4832,1.4831,54294.4,15927.0,106780.2,40419.1,80654.3,1.4836,1.4837,1.4838,1.4839,1.484,14548.9,1288.7,16230.7,51810.4,84096.1,0.2791551460809552
1771365787658,2026-02-17 22:03:07.658000,BTCUSDT,67627.2,67627.1,67626.9,67626.5,67625.7,5.356,0.013,1.947,2.218,0.031,67627.3,67629.0,67629.1,67629.2,67629.8,0.942,0.009,0.009,1.478,0.147,0.5744855967078191
1771365787658,2026-02-17 22:03:07.658000,ETHUSDT,1998.9,1998.8,1998.7,1998.6,1998.5,95.887,2.309,6.205,147.206,140.759,1999.0,1999.1,1999.2,1999.3,1999.4,119.69,15.215,151.943,78.497,16.912,0.013050219267953547
1771365787658,2026-02-17 22:03:07.658000,SOLUSDT,85.21,85.2,85.19,85.18,85.17,3986.45,4214.33,3362.91,3830.65,4260.68,85.22,85.23,85.24,85.25,85.26,300.64,1357.53,4536.55,2750.71,3028.29,0.24285823589558092
1771365787658,2026-02-17 22:03:07.658000,BNBUSDT,618.6,618.5,618.4,618.3,618.2,306.09,278.62,260.74,19.1,189.31,618.7,618.8,618.9,619.0,619.1,69.0,282.54,313.61,294.41,272.4,-0.07791514642447782
1771365787658,2026-02-17 22:03:07.658000,XRPUSDT,1.4835,1.4834,1.4833,1.4832,1.4831,54294.4,31094.8,91611.4,40419.1,80654.3,1.4836,1.4837,1.4838,1.4839,1.484,14548.9,1288.7,16230.7,51810.4,84096.1,0.27915359936555995
1771365788669,2026-02-17 22:03:08.669000,BTCUSDT,67627.2,67627.1,67626.9,67626.5,67625.7,5.356,0.013,1.947,2.218,0.031,67627.3,67629.0,67629.1,67629.2,67629.8,0.942,0.009,0.009,1.478,0.147,0.5744855967078191
1771365788669,2026-02-17 22:03:08.669000,ETHUSDT,1998.9,1998.8,1998.7,1998.6,1998.5,95.887,2.309,6.205,147.206,140.759,1999.0,1999.1,1999.2,1999.3,1999.4,119.69,15.215,151.943,78.497,16.912,0.013050219267953547
1771365788669,2026-02-17 22:03:08.669000,SOLUSDT,85.21,85.2,85.19,85.18,85.17,3986.45,4214.33,3362.91,3830.65,4260.68,85.22,85.23,85.24,85.25,85.26,300.64,1357.53,4536.55,2750.71,3028.29,0.24285823589558092
1771365788669,2026-02-17 22:03:08.669000,BNBUSDT,618.6,618.5,618.4,618.3,618.2,306.09,278.62,260.74,19.1,189.31,618.7,618.8,618.9,619.0,619.1,69.0,282.54,313.61,294.41,272.4,-0.07791514642447782
1771365788669,2026-02-17 22:03:08.669000,XRPUSDT,1.4835,1.4834,1.4833,1.4832,1.4831,54294.4,31094.8,91611.4,40419.1,80654.3,1.4836,1.4837,1.4838,1.4839,1.484,14548.2,1288.7,16230.7,51810.4,84096.1,0.2791555206426118
1771365789679,2026-02-17 22:03:09.679000,BTCUSDT,67627.2,67627.1,67626.9,67626.5,67625.9,5.356,0.013,1.947,2.218,0.031,67627.3,67629.0,67629.1,67629.2,67629.8,0.942,0.009,0.009,1.478,0.147,0.5744855967078191
1771365789679,2026-02-17 22:03:09.679000,ETHUSDT,1998.9,1998.8,1998.7,1998.6,1998.5,95.887,2.309,6.205,147.206,140.759,1999.0,1999.1,1999.2,1999.3,1999.4,119.69,15.215,151.943,78.497,16.912,0.013050219267953547
1771365789679,2026-02-17 22:03:09.679000,SOLUSDT,85.21,85.2,85.19,85.18,85.17,3986.45,4214.33,3362.91,3830.65,4260.68,85.22,85.23,85.24,85.25,85.26,301.53,1592.18,3748.17,2750.71,3028.29,0.2649686734736563
1771365789679,2026-02-17 22:03:09.679000,BNBUSDT,618.6,618.5,618.4,618.3,618.2,306.09,278.62,260.74,19.1,189.31,618.7,618.8,618.9,619.0,619.1,69.0,282.54,313.61,294.41,272.4,-0.07791514642447782
1771365789679,2026-02-17 22:03:09.679000,XRPUSDT,1.4835,1.4834,1.4833,1.4832,1.4831,54294.4,31094.8,91611.4,40419.1,80654.3,1.4836,1.4837,1.4838,1.4839,1.484,14548.2,1288.7,16230.7,51810.4,84096.1,0.2791555206426118
1771365790708,2026-02-17 22:03:10.708000,BTCUSDT,67627.2,67627.1,67626.9,67626.5,67626.4,5.356,0.013,1.947,2.218,0.028,67627.3,67629.0,67629.1,67629.2,67629.8,0.933,0.009,0.009,1.478,0.147,0.5755478662053055
1771365790708,2026-02-17 22:03:10.708000,ETHUSDT,1998.9,1998.8,1998.7,1998.6,1998.5,98.172,0.48,6.205,147.206,155.628,1999.0,1999.1,1999.2,1999.3,1999.4,61.518,7.131,191.092,64.207,16.912,0.0892804899064994
1771365790708,2026-02-17 22:03:10.708000,SOLUSDT,85.21,85.2,85.19,85.18,85.17,3986.45,4214.33,3442.91,3830.65,4445.07,85.22,85.23,85.24,85.25,85.26,301.53,1357.53,4679.05,2750.71,3028.29,0.24354393048932893
1771365790708,2026-02-17 22:03:10.708000,BNBUSDT,618.6,618.5,618.4,618.3,618.2,306.09,278.62,260.74,19.1,189.31,618.7,618.8,618.9,619.0,619.1,69.0,282.54,313.61,294.41,272.4,-0.07791514642447782
1771365790708,2026-02-17 22:03:10.708000,XRPUSDT,1.4835,1.4834,1.4833,1.4832,1.4831,54294.4,31094.8,91611.4,40419.1,80654.3,1.4836,1.4837,1.4838,1.4839,1.484,13700.3,1288.7,16230.7,51810.4,84944.0,0.2791555206426118
1771365791719,2026-02-17 22:03:11.719000,BTCUSDT,67627.2,67627.1,67626.9,67626.5,67626.4,5.356,0.013,1.947,2.218,0.028,67627.3,67629.0,67629.1,67629.2,67629.8,0.933,0.009,0.009,1.487,0.147,0.5743805054746028
1771365791719,2026-02-17 22:03:11.719000,ETHUSDT,1998.9,1998.8,1998.7,1998.6,1998.5,98.172,0.452,110.28,147.206,155.628,1999.0,1999.1,1999.2,1999.3,1999.4,62.1,7.131,183.151,17.712,19.231,0.27764732611542414
1771365791719,2026-02-17 22:03:11.719000,SOLUSDT,85.21,85.2,85.19,85.18,85.17,3986.42,4572.14,3362.91,3552.78,4445.07,85.22,85.23,85.24,85.25,85.26,301.53,1973.61,4679.05,2750.71,3028.29,0.2200789464577148
1771365791719,2026-02-17 22:03:11.719000,BNBUSDT,618.6,618.5,618.4,618.3,618.2,306.09,278.62,260.74,19.1,189.31,618.7,618.8,618.9,619.0,619.1,69.0,282.54,313.61,294.41,272.4,-0.07791514642447782
1771365791719,2026-02-17 22:03:11.719000,XRPUSDT,1.4835,1.4834,1.4833,1.4832,1.4831,54294.4,31094.8,91611.4,40419.1,80654.3,1.4836,1.4837,1.4838,1.4839,1.484,13693.0,1288.7,16230.7,51810.4,84944.0,0.27917555716151893
1771365792729,2026-02-17 22:03:12.729000,BTCUSDT,67627.2,67627.1,67626.9,67626.5,67626.4,5.356,0.013,1.947,2.218,0.028,67627.3,67629.0,67629.1,67629.2,67629.8,0.933,0.009,0.009,1.487,0.147,0.5743805054746028
1771365792729,2026-02-17 22:03:12.729000,ETHUSDT,1998.9,1998.8,1998.7,1998.6,1998.5,98.157,0.452,113.824,147.206,156.644,1999.0,1999.1,1999.2,1999.3,1999.4,61.454,7.131,183.151,17.712,19.192,0.2828133871190163
1771365792729,2026-02-17 22:03:12.729000,SOLUSDT,85.21,85.2,85.19,85.18,85.17,3986.36,4572.14,4241.06,3552.78,4445.07,85.22,85.23,85.24,85.25,85.26,301.53,1973.61,4371.44,2750.71,3028.29,0.2519890593832765
1771365792729,2026-02-17 22:03:12.729000,BNBUSDT,618.6,618.5,618.4,618.3,618.2,306.09,278.62,260.74,19.1,189.31,618.7,618.8,618.9,619.0,619.1,69.0,282.54,313.61,294.41,272.4,-0.07791514642447782
1771365792729,2026-02-17 22:03:12.729000,XRPUSDT,1.4835,1.4834,1.4833,1.4832,1.4831,54294.4,31094.8,100645.9,40419.1,80654.3,1.4836,1.4837,1.4838,1.4839,1.484,13693.0,1288.7,16230.7,51810.4,84944.0,0.29288346500018
1771365793740,2026-02-17 22:03:13.740000,BTCUSDT,67627.2,67627.1,67626.9,67626.5,67626.4,5.356,0.013,1.947,2.218,0.028,67627.3,67629.0,67629.1,67629.2,67629.8,0.933,0.009,0.009,1.487,0.147,0.5743805054746028
1771365793740,2026-02-17 22:03:13.740000,ETHUSDT,1998.9,1998.8,1998.7,1998.6,1998.5,97.081,1.502,113.824,147.206,156.644,1999.0,1999.1,1999.2,1999.3,1999.4,61.439,7.131,183.151,17.712,19.192,0.28281412679125634
1771365793740,2026-02-17 22:03:13.740000,SOLUSDT,85.21,85.2,85.19,85.18,85.17,3986.36,4572.14,4241.06,3552.78,4445.07,85.22,85.23,85.24,85.25,85.26,301.53,1973.61,4371.44,2750.71,3073.91,0.2502722536348829
1771365793740,2026-02-17 22:03:13.740000,BNBUSDT,618.6,618.5,618.4,618.3,618.2,306.09,278.62,260.74,19.1,189.31,618.7,618.8,618.9,619.0,619.1,69.0,282.54,313.61,294.41,272.4,-0.07791514642447782
1771365793740,2026-02-17 22:03:13.740000,XRPUSDT,1.4835,1.4834,1.4833,1.4832,1.4831,54294.4,31094.8,100645.9,40419.1,80654.3,1.4836,1.4837,1.4838,1.4839,1.484,13693.0,1288.7,16230.7,51810.4,84944.0,0.29288346500018
1771365794747,2026-02-17 22:03:14.747000,BTCUSDT,67627.2,67627.1,67626.9,67626.6,67626.5,5.356,0.013,1.947,0.032,2.218,67627.3,67629.0,67629.1,67629.2,67629.8,0.933,0.009,0.009,1.487,0.147,0.5745206155871944
1771365794747,2026-02-17 22:03:14.747000,ETHUSDT,1998.9,1998.8,1998.7,1998.6,1998.5,98.071,0.452,113.824,147.206,156.644,1999.0,1999.1,1999.2,1999.3,1999.4,62.021,7.131,183.151,17.712,19.192,0.2818337132668822
1771365794747,2026-02-17 22:03:14.747000,SOLUSDT,85.21,85.2,85.19,85.18,85.17,3962.88,4206.72,4601.62,3552.78,4445.07,85.22,85.23,85.24,85.25,85.26,308.96,1973.61,4650.75,2750.71,3073.91,0.2389455546438529
1771365794747,2026-02-17 22:03:14.747000,BNBUSDT,618.6,618.5,618.4,618.3,618.2,306.09,278.62,260.74,19.1,189.31,618.7,618.8,618.9,619.0,619.1,69.0,282.54,313.61,294.41,272.4,-0.07791514642447782
1771365794747,2026-02-17 22:03:14.747000,XRPUSDT,1.4837,1.4836,1.4835,1.4834,1.4833,41387.5,51313.8,47724.2,15927.0,112753.7,1.4838,1.4839,1.484,1.4841,1.4842,1538.6,18534.6,113072.3,25785.9,64643.0,0.0924164661648947
1771365795754,2026-02-17 22:03:15.754000,BTCUSDT,67627.2,67627.1,67626.9,67626.6,67626.5,5.356,0.013,1.947,0.032,2.218,67627.3,67629.0,67629.1,67629.2,67629.8,0.933,0.009,0.009,1.487,0.147,0.5745206155871944
1771365795754,2026-02-17 22:03:15.754000,ETHUSDT,1998.9,1998.8,1998.7,1998.6,1998.5,97.081,1.442,113.824,147.206,156.644,1999.0,1999.1,1999.2,1999.3,1999.4,62.021,7.131,183.151,17.712,19.192,0.2818337132668822
1771365795754,2026-02-17 22:03:15.754000,SOLUSDT,85.21,85.2,85.19,85.18,85.17,3962.88,4206.72,4601.62,3552.78,4445.07,85.22,85.23,85.24,85.25,85.26,308.96,1973.61,4650.75,2750.71,3028.29,0.24063367739511413
1771365795754,2026-02-17 22:03:15.754000,BNBUSDT,618.6,618.5,618.4,618.3,618.2,306.09,278.62,260.74,19.1,189.31,618.7,618.8,618.9,619.0,619.1,69.0,282.54,314.62,294.41,272.4,-0.07832239388148664
1771365795754,2026-02-17 22:03:15.754000,XRPUSDT,1.4837,1.4836,1.4835,1.4834,1.4833,41387.5,51313.8,47724.2,15927.0,112753.7,1.4838,1.4839,1.484,1.4841,1.4842,1538.6,18534.6,113072.3,25785.9,64643.0,0.0924164661648947
1771365796763,2026-02-17 22:03:16.763000,BTCUSDT,67627.2,67627.1,67626.9,67626.5,67625.3,5.356,0.013,1.976,2.218,0.37,67627.3,67629.0,67629.1,67629.2,67629.8,0.933,0.009,0.009,1.487,0.147,0.5869947275922671
1771365796763,2026-02-17 22:03:16.763000,ETHUSDT,1998.9,1998.8,1998.7,1998.6,1998.5,97.081,1.442,113.824,147.206,156.644,1999.0,1999.1,1999.2,1999.3,1999.4,62.021,7.131,183.151,17.712,19.192,0.2818337132668822
1771365796763,2026-02-17 22:03:16.763000,SOLUSDT,85.21,85.2,85.19,85.18,85.17,3963.87,4206.72,4241.06,3552.78,4445.07,85.22,85.23,85.24,85.25,85.26,308.96,1973.61,4650.75,2750.71,3028.29,0.23239000755393274
1771365796763,2026-02-17 22:03:16.763000,BNBUSDT,618.6,618.5,618.4,618.3,618.2,306.09,278.62,275.29,19.1,174.76,618.7,618.8,618.9,619.0,619.1,69.0,282.54,314.62,294.41,272.4,-0.07832239388148664
1771365796763,2026-02-17 22:03:16.763000,XRPUSDT,1.4837,1.4836,1.4835,1.4834,1.4833,41198.5,51313.8,47724.2,15927.0,112753.7,1.4838,1.4839,1.484,1.4841,1.4842,1538.6,18452.9,113072.3,25785.9,64643.0,0.092249363792239
1771365797774,2026-02-17 22:03:17.774000,BTCUSDT,67627.2,67627.1,67626.9,67626.5,67625.3,5.356,0.013,1.976,2.218,0.37,67627.3,67629.0,67629.1,67629.2,67629.8,0.933,0.009,0.009,1.487,0.147,0.5869947275922671
1771365797774,2026-02-17 22:03:17.774000,ETHUSDT,1998.9,1998.8,1998.7,1998.6,1998.5,99.658,131.011,112.623,146.792,156.644,1999.0,1999.1,1999.2,1999.3,1999.4,60.685,7.131,183.151,17.712,19.192,0.38396895352980254
1771365797774,2026-02-17 22:03:17.774000,SOLUSDT,85.21,85.2,85.19,85.18,85.17,3963.87,4206.72,4241.06,3552.78,4445.07,85.22,85.23,85.24,85.25,85.26,308.96,1973.61,4650.75,2750.71,3028.29,0.23239000755393274
1771365797774,2026-02-17 22:03:17.774000,BNBUSDT,618.6,618.5,618.4,618.3,618.2,306.09,278.62,275.29,19.1,174.76,618.7,618.8,618.9,619.0,619.1,69.0,282.54,314.62,294.41,272.4,-0.07832239388148664
1771365797774,2026-02-17 22:03:17.774000,XRPUSDT,1.4837,1.4836,1.4835,1.4834,1.4833,40525.5,51986.8,47724.2,15927.0,112753.7,1.4838,1.4839,1.484,1.4841,1.4842,25340.7,22915.9,97910.6,25785.9,64643.0,0.06393719017877472
1771365798783,2026-02-17 22:03:18.783000,BTCUSDT,67627.2,67627.1,67626.9,67626.7,67626.5,5.356,0.013,1.947,0.03,2.218,67627.3,67629.0,67629.1,67629.2,67629.8,0.933,0.009,0.009,1.487,0.147,0.5744505720635443
1771365798783,2026-02-17 22:03:18.783000,ETHUSDT,1998.9,1998.8,1998.7,1998.6,1998.5,98.703,131.979,112.623,146.792,160.188,1999.0,1999.1,1999.2,1999.3,1999.4,29.151,40.065,183.151,17.712,23.249,0.3782874970989165
1771365798783,2026-02-17 22:03:18.783000,SOLUSDT,85.21,85.2,85.19,85.18,85.17,3963.87,4607.58,4241.06,3552.78,4445.07,85.22,85.23,85.24,85.25,85.26,308.96,1973.61,4650.75,2750.71,3028.29,0.24156899150067956
1771365798783,2026-02-17 22:03:18.783000,BNBUSDT,618.6,618.5,618.4,618.3,618.2,306.09,278.62,275.29,19.1,174.76,618.7,618.8,618.9,619.0,619.1,69.0,282.54,314.62,294.41,272.4,-0.07832239388148664
1771365798783,2026-02-17 22:03:18.783000,XRPUSDT,1.4837,1.4836,1.4835,1.4834,1.4833,40525.5,51986.8,47724.2,15927.0,112753.7,1.4838,1.4839,1.484,1.4841,1.4842,25340.7,7753.2,113072.3,25785.9,64643.0,0.06393929484999673
1771365799792,2026-02-17 22:03:19.792000,BTCUSDT,67627.2,67627.1,67627.0,67626.9,67626.5,5.356,0.013,0.03,1.947,2.218,67627.3,67629.0,67629.1,67629.2,67629.8,0.933,0.009,0.009,1.487,0.147,0.5744505720635443
1771365799792,2026-02-17 22:03:19.792000,ETHUSDT,1998.9,1998.8,1998.7,1998.6,1998.5,99.671,131.011,145.556,146.792,127.248,1999.0,1999.1,1999.2,1999.3,1999.4,29.151,40.065,183.151,17.712,23.249,0.3782828850176875
1771365799792,2026-02-17 22:03:19.792000,SOLUSDT,85.21,85.2,85.19,85.18,85.17,5028.84,3509.38,5595.45,3312.08,3136.98,85.22,85.23,85.24,85.25,85.26,67.88,2.26,1334.43,3198.87,2975.92,0.46173313131234217
1771365799792,2026-02-17 22:03:19.792000,BNBUSDT,618.6,618.5,618.4,618.3,618.2,306.09,278.62,275.29,19.1,174.76,618.7,618.8,618.9,619.0,619.1,36.68,298.7,314.62,294.41,272.4,-0.07176295983123916
1771365799792,2026-02-17 22:03:19.792000,XRPUSDT,1.4837,1.4836,1.4835,1.4834,1.4833,40525.5,51986.8,47724.2,15927.0,112753.7,1.4838,1.4839,1.484,1.4841,1.4842,15231.6,18816.3,113072.3,25785.9,64643.0,0.0619352166175716
1771365800800,2026-02-17 22:03:20.800000,BTCUSDT,67636.3,67634.8,67634.7,67634.4,67633.9,0.255,0.009,5.174,0.893,0.147,67636.4,67636.5,67636.6,67636.7,67638.1,7.081,0.009,0.681,0.032,0.148,-0.10208607665118856
1771365800800,2026-02-17 22:03:20.800000,ETHUSDT,1999.0,1998.9,1998.8,1998.7,1998.6,115.932,104.275,130.759,161.604,175.552,1999.1,1999.2,1999.3,1999.4,1999.5,28.598,3.544,37.655,58.374,150.083,0.42412891048618756
1771365800800,2026-02-17 22:03:20.800000,SOLUSDT,85.21,85.2,85.19,85.18,85.17,5696.36,3527.55,5016.43,3314.08,3144.12,85.22,85.23,85.24,85.25,85.26,44.33,2.26,59.86,2536.82,3210.52,0.5590752299327403
1771365800800,2026-02-17 22:03:20.800000,BNBUSDT,618.6,618.5,618.4,618.3,618.2,294.39,402.57,243.29,43.36,79.03,618.7,618.8,618.9,619.0,619.1,19.52,245.73,326.91,327.2,247.79,-0.046869884607967566
1771365800800,2026-02-17 22:03:20.800000,XRPUSDT,1.4838,1.4837,1.4836,1.4835,1.4834,18237.3,62540.3,60155.7,60501.5,16176.9,1.4839,1.484,1.4841,1.4842,1.4843,24704.5,42064.1,38926.0,65851.8,68298.6,-0.048601976973995674
1771365801810,2026-02-17 22:03:21.810000,BTCUSDT,67636.3,67635.1,67635.0,67634.7,67634.4,0.256,0.009,0.147,5.174,0.893,67636.4,67636.5,67636.6,67638.1,67639.5,7.092,0.009,0.69,0.148,0.105,-0.10776010466157133
1771365801810,2026-02-17 22:03:21.810000,ETHUSDT,1999.0,1998.9,1998.8,1998.7,1998.6,115.932,104.275,130.559,167.771,175.752,1999.1,1999.2,1999.3,1999.4,1999.5,28.598,3.544,36.474,60.06,152.291,0.4238087230429754
1771365801810,2026-02-17 22:03:21.810000,SOLUSDT,85.21,85.2,85.19,85.18,85.17,5696.36,3527.55,5016.43,3503.55,2959.73,85.22,85.23,85.24,85.25,85.26,44.33,2.26,59.86,2536.82,3210.52,0.5591595716600376
1771365801810,2026-02-17 22:03:21.810000,BNBUSDT,618.6,618.5,618.4,618.3,618.2,294.39,402.57,243.29,43.36,79.03,618.7,618.8,618.9,619.0,619.1,19.52,261.89,307.99,327.2,247.79,-0.045688652600099584
1771365801810,2026-02-17 22:03:21.810000,XRPUSDT,1.4838,1.4837,1.4836,1.4835,1.4834,18237.3,62540.3,60155.7,60501.5,16176.9,1.4839,1.484,1.4841,1.4842,1.4843,14596.1,52171.9,38926.0,65851.8,68298.6,-0.04860072911914392
1771365802818,2026-02-17 22:03:22.818000,BTCUSDT,67635.0,67634.4,67633.0,67631.2,67631.0,0.24,0.893,0.048,0.011,1.497,67635.1,67636.1,67636.4,67636.5,67636.6,5.616,0.002,4.02,0.096,0.69,-0.589872645466331
1771365802818,2026-02-17 22:03:22.818000,ETHUSDT,1999.0,1998.9,1998.8,1998.7,1998.6,115.932,104.275,130.559,167.771,175.752,1999.1,1999.2,1999.3,1999.4,1999.5,30.761,3.544,36.474,60.06,152.291,0.4206578754863574
1771365802818,2026-02-17 22:03:22.818000,SOLUSDT,85.21,85.2,85.19,85.18,85.17,5696.36,3527.55,5016.43,3503.55,2959.73,85.22,85.23,85.24,85.25,85.26,44.33,2.26,59.86,2536.82,3210.52,0.5591595716600376
1771365802818,2026-02-17 22:03:22.818000,BNBUSDT,618.6,618.5,618.4,618.3,618.2,294.39,402.57,243.29,43.36,79.03,618.7,618.8,618.9,619.0,619.1,19.52,261.89,307.99,327.2,247.79,-0.045688652600099584
1771365802818,2026-02-17 22:03:22.818000,XRPUSDT,1.4838,1.4837,1.4836,1.4835,1.4834,33401.0,47375.6,60155.7,60501.5,16176.9,1.4839,1.484,1.4841,1.4842,1.4843,14596.1,52171.9,38926.0,65851.8,68298.6,-0.04860302136756157
1771365803827,2026-02-17 22:03:23.827000,BTCUSDT,67635.0,67634.7,67634.4,67631.3,67631.2,0.147,1.478,0.893,0.009,0.02,67635.1,67636.0,67636.1,67636.3,67636.4,8.728,0.009,0.011,0.086,0.442,-0.5691448870844963
1771365803827,2026-02-17 22:03:23.827000,ETHUSDT,1999.0,1998.9,1998.8,1998.7,1998.6,56.733,38.87,163.491,121.528,145.673,1999.1,1999.2,1999.3,1999.4,1999.5,87.266,11.21,170.777,15.641,169.026,0.07383584213667414
1771365803827,2026-02-17 22:03:23.827000,SOLUSDT,85.21,85.2,85.19,85.18,85.17,5731.53,3527.55,5016.43,3503.55,2959.73,85.22,85.23,85.24,85.25,85.26,44.33,2.26,1354.77,4153.68,2692.98,0.4309121976512766
1771365803827,2026-02-17 22:03:23.827000,BNBUSDT,618.6,618.5,618.4,618.3,618.2,294.39,402.57,243.29,43.36,79.03,618.7,618.8,618.9,619.0,619.1,20.59,261.89,307.99,327.2,247.79,-0.046146941340155255
1771365803827,2026-02-17 22:03:23.827000,XRPUSDT,1.4837,1.4836,1.4835,1.4834,1.4833,57485.4,75321.5,60501.5,16176.9,59977.9,1.4839,1.484,1.4841,1.4842,1.4843,25145.2,41623.3,38926.0,65851.8,68298.6,0.058153993623898816
1771365804837,2026-02-17 22:03:24.837000,BTCUSDT,67635.0,67634.7,67634.4,67631.3,67631.2,0.241,1.478,0.893,0.009,0.02,67635.1,67636.0,67636.1,67636.3,67636.4,8.728,0.009,0.011,0.086,0.442,-0.5567676428631367
1771365804837,2026-02-17 22:03:24.837000,ETHUSDT,1999.0,1998.9,1998.8,1998.7,1998.6,62.735,38.87,163.491,121.528,145.673,1999.1,1999.2,1999.3,1999.4,1999.5,86.691,11.21,170.777,15.641,169.026,0.08010210603850079
1771365804837,2026-02-17 22:03:24.837000,SOLUSDT,85.21,85.2,85.19,85.18,85.17,5731.53,3527.55,5016.43,3503.55,2959.73,85.22,85.23,85.24,85.25,85.26,44.33,2.26,1354.77,4153.68,2692.98,0.4309121976512766
1771365804837,2026-02-17 22:03:24.837000,BNBUSDT,618.6,618.5,618.4,618.3,618.2,294.39,402.57,243.29,43.36,79.03,618.7,618.8,618.9,619.0,619.1,20.59,261.89,307.99,327.2,247.79,-0.046146941340155255
1771365804837,2026-02-17 22:03:24.837000,XRPUSDT,1.4837,1.4836,1.4835,1.4834,1.4833,57485.4,75321.5,60501.5,16176.9,59977.9,1.4838,1.4839,1.484,1.4841,1.4842,847.9,25145.2,56785.0,23765.3,65003.9,0.22202623293549698
1771365805845,2026-02-17 22:03:25.845000,BTCUSDT,67635.0,67634.7,67634.4,67631.3,67631.2,0.241,1.478,0.893,0.009,0.02,67635.1,67636.0,67636.1,67636.3,67636.4,8.697,0.009,0.011,0.086,0.43,-0.5551625400033686
1771365805845,2026-02-17 22:03:25.845000,ETHUSDT,1999.0,1998.9,1998.8,1998.7,1998.6,62.735,38.87,163.691,121.528,145.473,1999.1,1999.2,1999.3,1999.4,1999.5,86.691,11.21,170.777,15.641,169.026,0.08010210603850079
1771365805845,2026-02-17 22:03:25.845000,SOLUSDT,85.21,85.2,85.19,85.18,85.17,5731.53,3527.55,5016.43,3314.08,2959.73,85.22,85.23,85.24,85.25,85.26,44.33,2.26,1354.77,4153.68,2692.98,0.4271679259264918
1771365805845,2026-02-17 22:03:25.845000,BNBUSDT,618.6,618.5,618.4,618.3,618.2,294.39,402.57,243.29,43.36,79.03,618.7,618.8,618.9,619.0,619.1,20.59,261.89,307.99,327.2,247.79,-0.046146941340155255
1771365805845,2026-02-17 22:03:25.845000,XRPUSDT,1.4837,1.4836,1.4835,1.4834,1.4833,57485.4,75321.5,60501.5,16176.9,59977.9,1.4838,1.4839,1.484,1.4841,1.4842,899.9,25145.2,56785.0,23765.3,65003.9,0.22188215955788576
1771365806854,2026-02-17 22:03:26.854000,BTCUSDT,67635.0,67634.7,67634.4,67631.7,67631.2,0.241,1.478,0.902,0.009,0.011,67635.1,67635.7,67636.0,67636.1,67636.3,6.552,0.009,0.009,0.002,0.086,-0.43198193354124104
1771365806854,2026-02-17 22:03:26.854000,ETHUSDT,1999.0,1998.9,1998.8,1998.7,1998.6,109.291,0.316,164.902,120.323,161.306,1999.1,1999.2,1999.3,1999.4,1999.5,49.175,3.544,208.29,15.641,169.026,0.11026198475964598
1771365806854,2026-02-17 22:03:26.854000,SOLUSDT,85.21,85.2,85.19,85.18,85.17,5731.53,3527.55,5016.43,3501.31,2959.73,85.22,85.23,85.24,85.25,85.26,44.33,2.26,1354.77,4153.68,2692.98,0.4308682171238007
1771365806854,2026-02-17 22:03:26.854000,BNBUSDT,618.6,618.5,618.4,618.3,618.2,294.39,402.57,243.29,53.05,79.03,618.7,618.8,618.9,619.0,619.1,20.59,261.89,307.99,327.2,247.79,-0.041616952439683844
1771365806854,2026-02-17 22:03:26.854000,XRPUSDT,1.4837,1.4836,1.4835,1.4834,1.4833,57485.4,75321.5,60501.5,16176.9,59977.9,1.4839,1.484,1.4841,1.4842,1.4843,25145.2,56785.0,23765.3,65851.8,68298.6,0.05815191599757401
1771365807862,2026-02-17 22:03:27.862000,BTCUSDT,67635.0,67634.7,67634.4,67632.3,67631.3,0.24,1.478,0.902,0.009,0.002,67635.1,67635.6,67635.7,67636.0,67636.1,6.552,0.029,0.009,0.009,0.002,-0.43002599653379553
1771365807862,2026-02-17 22:03:27.862000,ETHUSDT,1999.0,1998.9,1998.8,1998.7,1998.6,109.341,1.263,164.902,120.323,161.306,1999.1,1999.2,1999.3,1999.4,1999.5,49.125,3.544,209.752,15.641,169.026,0.10958422581438582
1771365807862,2026-02-17 22:03:27.862000,SOLUSDT,85.21,85.2,85.19,85.18,85.17,5731.53,3527.55,5016.43,3501.31,2959.73,85.22,85.23,85.24,85.25,85.26,44.33,2.26,1354.77,3919.09,2927.56,0.4308687107894686
1771365807862,2026-02-17 22:03:27.862000,BNBUSDT,618.6,618.5,618.4,618.3,618.2,295.79,401.17,243.29,53.05,79.03,618.7,618.8,618.9,619.0,619.1,19.22,254.01,306.98,325.8,249.19,-0.037202641490799285
1771365807862,2026-02-17 22:03:27.862000,XRPUSDT,1.4837,1.4836,1.4835,1.4834,1.4833,57485.4,75321.5,60501.5,16176.9,59977.9,1.4838,1.4839,1.484,1.4841,1.4842,873.9,25145.2,56785.0,23765.3,65003.9,0.22195419199998184
1771365808870,2026-02-17 22:03:28.870000,BTCUSDT,67635.0,67634.7,67634.4,67631.3,67631.2,0.241,1.487,0.902,0.002,0.041,67635.1,67635.7,67636.0,67636.1,67636.4,6.552,0.009,0.009,0.002,0.43,-0.4474418604651162
1771365808870,2026-02-17 22:03:28.870000,ETHUSDT,1999.0,1998.9,1998.8,1998.7,1998.6,110.216,1.263,164.902,120.323,161.306,1999.1,1999.2,1999.3,1999.4,1999.5,48.543,3.544,172.239,53.152,171.767,0.10798159353887544
1771365808870,2026-02-17 22:03:28.870000,SOLUSDT,85.21,85.2,85.19,85.18,85.17,5731.53,3527.55,5016.43,3501.31,2959.73,85.22,85.23,85.24,85.25,85.26,44.33,2.26,1354.77,4153.66,2692.98,0.4308692044554771
1771365808870,2026-02-17 22:03:28.870000,BNBUSDT,618.6,618.5,618.4,618.3,618.2,303.55,401.17,243.29,53.05,79.03,618.7,618.8,618.9,619.0,619.1,19.22,254.01,306.98,325.8,249.19,-0.03360190400350743
1771365808870,2026-02-17 22:03:28.870000,XRPUSDT,1.4837,1.4836,1.4835,1.4834,1.4833,57485.4,75321.5,60501.5,16176.9,59977.9,1.4838,1.4839,1.484,1.4841,1.4842,873.9,25145.2,56785.0,23765.3,65003.9,0.22195419199998184
1771365809879,2026-02-17 22:03:29.879000,BTCUSDT,67635.0,67634.7,67634.4,67631.3,67631.2,0.24,1.487,0.902,0.002,0.011,67635.1,67635.3,67635.4,67636.1,67636.4,6.504,0.009,0.038,0.002,0.43,-0.4510129870129869
1771365809879,2026-02-17 22:03:29.879000,ETHUSDT,1999.0,1998.9,1998.8,1998.7,1998.6,110.166,1.263,164.902,120.323,161.306,1999.1,1999.2,1999.3,1999.4,1999.5,49.175,3.544,172.239,53.152,171.767,0.1072425402123558
1771365809879,2026-02-17 22:03:29.879000,SOLUSDT,85.21,85.2,85.19,85.18,85.17,5731.53,3527.55,5016.43,3501.31,2959.73,85.22,85.23,85.24,85.25,85.26,44.33,9.69,1354.77,4146.23,2990.96,0.4163086318019652
1771365809879,2026-02-17 22:03:29.879000,BNBUSDT,618.6,618.5,618.4,618.3,618.2,303.55,401.17,243.29,53.05,79.03,618.7,618.8,618.9,619.0,619.1,19.22,254.01,306.98,325.8,249.19,-0.03360190400350743
1771365809879,2026-02-17 22:03:29.879000,XRPUSDT,1.4837,1.4836,1.4835,1.4834,1.4833,57485.4,75321.5,60501.5,16176.9,59977.9,1.4838,1.4839,1.484,1.4841,1.4842,847.9,25145.2,56785.0,23765.3,65003.9,0.22202623293549698
1771365810887,2026-02-17 22:03:30.887000,BTCUSDT,67635.0,67634.4,67634.1,67631.8,67631.7,0.147,0.893,1.478,0.009,0.004,67635.1,67635.3,67635.4,67636.1,67636.3,6.533,0.009,0.009,0.002,0.089,-0.4481630873214871
1771365810887,2026-02-17 22:03:30.887000,ETHUSDT,1999.0,1998.9,1998.8,1998.7,1998.6,27.836,37.72,35.327,6.537,145.473,1999.1,1999.2,1999.3,1999.4,1999.5,91.505,15.561,173.01,22.891,152.777,-0.28625516308067456
1771365810887,2026-02-17 22:03:30.887000,SOLUSDT,85.21,85.2,85.19,85.18,85.17,4820.78,3763.86,4196.74,4472.12,3145.24,85.22,85.23,85.24,85.25,85.26,326.93,1932.64,3739.69,2940.05,3152.53,0.25567102834113753
1771365810887,2026-02-17 22:03:30.887000,BNBUSDT,618.6,618.5,618.4,618.3,618.2,327.79,369.26,243.29,60.7,79.03,618.7,618.8,618.9,619.0,619.1,24.3,278.25,282.75,325.8,249.19,-0.03580674534449822
1771365810887,2026-02-17 22:03:30.887000,XRPUSDT,1.4833,1.4832,1.4831,1.483,1.4829,81441.4,40850.1,111601.8,39852.6,47375.6,1.4835,1.4836,1.4837,1.4838,1.4839,1533.1,47992.6,1280.2,41623.3,35744.6,0.4294451778151251
1771365811895,2026-02-17 22:03:31.895000,BTCUSDT,67635.0,67634.4,67634.2,67631.8,67631.7,0.147,0.893,1.478,0.009,0.004,67635.1,67635.3,67635.4,67636.1,67636.3,7.273,0.009,0.009,0.002,0.089,-0.48935740946232226
1771365811895,2026-02-17 22:03:31.895000,ETHUSDT,1999.0,1998.9,1998.8,1998.7,1998.6,27.686,37.72,34.067,6.537,146.667,1999.1,1999.2,1999.3,1999.4,1999.5,91.705,16.153,173.418,22.891,152.352,-0.2874268890405473
1771365811895,2026-02-17 22:03:31.895000,SOLUSDT,85.21,85.2,85.19,85.18,85.17,4820.78,3773.16,4196.74,4472.12,3145.24,85.22,85.23,85.24,85.25,85.26,326.93,1932.64,3739.69,2940.05,3152.53,0.2558840217256186
1771365811895,2026-02-17 22:03:31.895000,BNBUSDT,618.6,618.5,618.4,618.3,618.2,327.79,369.26,243.29,60.7,79.03,618.7,618.8,618.9,619.0,619.1,24.3,278.25,268.2,325.8,263.73,-0.03580244158278842
1771365811895,2026-02-17 22:03:31.895000,XRPUSDT,1.4833,1.4832,1.4831,1.483,1.4829,81441.4,40850.1,111601.8,39852.6,47375.6,1.4835,1.4836,1.4837,1.4838,1.4839,1533.1,47992.6,8130.3,41623.3,35744.6,0.407978683989798
1771365812906,2026-02-17 22:03:32.906000,BTCUSDT,67635.0,67634.7,67634.4,67632.0,67631.7,0.248,1.478,0.893,0.009,0.006,67635.1,67635.3,67635.4,67635.5,67636.1,6.505,0.009,0.009,0.032,0.002,-0.426830595147427
1771365812906,2026-02-17 22:03:32.906000,ETHUSDT,1999.0,1998.9,1998.8,1998.7,1998.6,37.722,38.655,163.691,115.349,145.473,1999.1,1999.2,1999.3,1999.4,1999.5,49.337,10.407,214.583,19.716,152.352,0.05752756562175064
1771365812906,2026-02-17 22:03:32.906000,SOLUSDT,85.21,85.2,85.19,85.18,85.17,5053.54,4352.18,4196.74,3893.1,3145.24,85.22,85.23,85.24,85.25,85.26,297.18,1932.64,3739.69,3259.49,3182.21,0.2489890932503047
1771365812906,2026-02-17 22:03:32.906000,BNBUSDT,618.6,618.5,618.4,618.3,618.2,327.79,369.26,243.29,60.7,79.03,618.7,618.8,618.9,619.0,619.1,24.3,278.25,268.2,325.8,263.73,-0.03580244158278842
1771365812906,2026-02-17 22:03:32.906000,XRPUSDT,1.4834,1.4833,1.4832,1.4831,1.483,43250.5,47375.6,26470.3,103711.5,29518.2,1.4835,1.4836,1.4837,1.4838,1.4839,13692.9,690.8,18435.2,69497.0,36223.0,0.2874704588996182
1771365813912,2026-02-17 22:03:33.912000,BTCUSDT,67635.0,67634.7,67634.4,67632.0,67631.3,0.248,1.478,0.893,0.009,0.006,67635.1,67635.3,67635.4,67636.1,67636.4,6.504,0.009,0.009,0.032,0.364,-0.44849246231155787
1771365813912,2026-02-17 22:03:33.912000,ETHUSDT,1999.0,1998.9,1998.8,1998.7,1998.6,46.426,38.655,163.691,115.349,145.473,1999.1,1999.2,1999.3,1999.4,1999.5,49.337,10.407,214.583,19.716,158.657,0.059123303273219976
1771365813912,2026-02-17 22:03:33.912000,SOLUSDT,85.21,85.2,85.19,85.18,85.17,5028.57,4352.18,4196.74,3893.1,3145.24,85.22,85.23,85.24,85.25,85.26,297.18,1316.56,3739.69,3259.49,3182.21,0.27215176594584056
1771365813912,2026-02-17 22:03:33.912000,BNBUSDT,618.6,618.5,618.4,618.3,618.2,327.79,369.26,243.29,60.7,79.03,618.7,618.8,618.9,619.0,619.1,24.3,278.25,268.2,325.8,263.73,-0.03580244158278842
1771365813912,2026-02-17 22:03:33.912000,XRPUSDT,1.4834,1.4833,1.4832,1.4831,1.483,43250.5,47888.9,26039.3,112495.9,29518.2,1.4835,1.4836,1.4837,1.4838,1.4839,13692.9,690.8,18435.2,69497.0,36223.0,0.3033550003683388
1771365814920,2026-02-17 22:03:34.920000,BTCUSDT,67635.0,67634.7,67634.4,67632.0,67631.9,0.249,1.478,0.893,0.009,0.006,67635.1,67635.3,67635.4,67636.1,67636.4,6.504,0.009,0.009,0.032,0.364,-0.4483408353396839
1771365814920,2026-02-17 22:03:34.920000,ETHUSDT,1999.0,1998.9,1998.8,1998.7,1998.6,46.426,38.655,163.691,115.349,145.473,1999.1,1999.2,1999.3,1999.4,1999.5,49.337,10.407,214.583,19.716,158.657,0.059123303273219976
1771365814920,2026-02-17 22:03:34.920000,SOLUSDT,85.21,85.2,85.19,85.18,85.17,5028.45,4352.18,4196.74,3893.1,3145.24,85.22,85.23,85.24,85.25,85.26,297.18,1316.56,4129.74,3064.79,3182.21,0.2645273796171831
1771365814920,2026-02-17 22:03:34.920000,BNBUSDT,618.6,618.5,618.4,618.3,618.2,327.79,369.26,243.29,60.7,79.03,618.7,618.8,618.9,619.0,619.1,24.3,278.25,268.2,325.8,263.73,-0.03580244158278842
1771365814920,2026-02-17 22:03:34.920000,XRPUSDT,1.4834,1.4833,1.4832,1.4831,1.483,43250.5,47888.9,26039.3,112495.9,29518.2,1.4835,1.4836,1.4837,1.4838,1.4839,13692.9,690.8,18435.2,69497.0,36223.0,0.3033550003683388
1771365815929,2026-02-17 22:03:35.929000,BTCUSDT,67635.0,67634.7,67634.4,67632.2,67632.1,0.249,1.478,0.893,0.009,0.006,67635.1,67635.3,67635.4,67636.1,67636.4,6.504,0.009,0.009,0.032,0.364,-0.4483408353396839
1771365815929,2026-02-17 22:03:35.929000,ETHUSDT,1999.0,1998.9,1998.8,1998.7,1998.6,46.476,38.655,163.691,115.349,145.473,1999.1,1999.2,1999.3,1999.4,1999.5,49.337,10.407,214.583,19.716,158.657,0.05917218790785827
1771365815929,2026-02-17 22:03:35.929000,SOLUSDT,85.21,85.2,85.19,85.18,85.17,5028.45,4432.18,4196.74,3891.1,3147.24,85.22,85.23,85.24,85.25,85.26,297.18,1316.56,4129.74,3064.79,3182.21,0.2663274612305686
1771365815929,2026-02-17 22:03:35.929000,BNBUSDT,618.6,618.5,618.4,618.3,618.2,327.79,369.26,243.29,60.7,79.03,618.7,618.8,618.9,619.0,619.1,24.3,278.25,268.2,325.8,263.73,-0.03580244158278842
1771365815929,2026-02-17 22:03:35.929000,XRPUSDT,1.4834,1.4833,1.4832,1.4831,1.483,43250.5,47888.9,26039.3,112495.9,29518.2,1.4835,1.4836,1.4837,1.4838,1.4839,13692.9,690.8,18435.2,69497.0,36223.0,0.3033550003683388
1771365816937,2026-02-17 22:03:36.937000,BTCUSDT,67635.0,67634.7,67634.4,67632.2,67632.1,0.248,1.478,0.893,0.009,0.005,67635.1,67635.3,67635.4,67636.1,67636.4,6.504,0.009,0.009,0.032,0.364,-0.4486441210344467
1771365816937,2026-02-17 22:03:36.937000,ETHUSDT,1999.0,1998.9,1998.8,1998.7,1998.6,46.426,38.655,163.691,115.349,145.473,1999.1,1999.2,1999.3,1999.4,1999.5,49.337,10.407,214.583,19.716,158.657,0.059123303273219976
1771365816937,2026-02-17 22:03:36.937000,SOLUSDT,85.21,85.2,85.19,85.18,85.17,5075.37,4352.18,4196.74,3891.1,3147.24,85.22,85.23,85.24,85.25,85.26,297.18,1316.56,4129.74,3064.79,3182.21,0.26558419703360564
1771365816937,2026-02-17 22:03:36.937000,BNBUSDT,618.6,618.5,618.4,618.3,618.2,327.79,369.26,243.29,60.7,79.03,618.7,618.8,618.9,619.0,619.1,24.3,278.25,268.2,325.8,263.73,-0.03580244158278842
1771365816937,2026-02-17 22:03:36.937000,XRPUSDT,1.4835,1.4834,1.4833,1.4832,1.4831,75914.7,15927.0,47699.9,39071.8,92947.7,1.4836,1.4837,1.4838,1.4839,1.484,13693.0,12275.9,56528.6,36584.0,91543.9,0.12637371639396797
1771365817946,2026-02-17 22:03:37.946000,BTCUSDT,67635.0,67634.7,67634.4,67632.2,67631.3,0.249,1.478,0.893,0.009,0.005,67635.1,67635.3,67635.4,67636.1,67636.4,6.533,0.009,0.009,0.002,0.364,-0.44843471887760455
1771365817946,2026-02-17 22:03:37.946000,ETHUSDT,1999.0,1998.9,1998.8,1998.7,1998.6,46.426,38.655,164.881,114.155,145.473,1999.1,1999.2,1999.3,1999.4,1999.5,49.528,10.407,214.583,19.716,158.657,0.058909214831253706
1771365817946,2026-02-17 22:03:37.946000,SOLUSDT,85.21,85.2,85.19,85.18,85.17,5028.45,4407.3,4196.74,3891.1,3147.24,85.22,85.23,85.24,85.25,85.26,296.94,1316.56,4129.74,3064.79,3182.21,0.2657778817411678
1771365817946,2026-02-17 22:03:37.946000,BNBUSDT,618.6,618.5,618.4,618.3,618.2,327.79,369.26,243.29,60.7,79.03,618.7,618.8,618.9,619.0,619.1,24.3,278.25,268.2,325.8,263.73,-0.03580244158278842
1771365817946,2026-02-17 22:03:37.946000,XRPUSDT,1.4835,1.4834,1.4833,1.4832,1.4831,60747.9,31094.8,47699.9,39071.8,92947.7,1.4836,1.4837,1.4838,1.4839,1.484,13693.0,12275.9,56528.6,36584.0,91543.9,0.12637552819183417
1771365818953,2026-02-17 22:03:38.953000,BTCUSDT,67635.0,67634.7,67634.4,67632.2,67631.3,0.249,1.478,0.893,0.009,0.005,67635.1,67635.3,67635.4,67636.1,67636.4,7.274,0.009,0.009,0.002,0.364,-0.48814613291877196
1771365818953,2026-02-17 22:03:38.953000,ETHUSDT,1999.0,1998.9,1998.8,1998.7,1998.6,46.476,38.655,131.949,147.083,145.473,1999.1,1999.2,1999.3,1999.4,1999.5,49.222,10.407,214.583,19.716,158.657,0.059290952909986365
1771365818953,2026-02-17 22:03:38.953000,SOLUSDT,85.21,85.2,85.19,85.18,85.17,5028.45,4407.3,4196.74,3891.1,3147.24,85.22,85.23,85.24,85.25,85.26,296.94,1316.56,4129.74,3064.79,3182.21,0.2657778817411678
1771365818953,2026-02-17 22:03:38.953000,BNBUSDT,618.6,618.5,618.4,618.3,618.2,327.79,369.26,243.29,60.7,79.03,618.7,618.8,618.9,619.0,619.1,24.3,278.25,268.2,325.8,263.73,-0.03580244158278842
1771365818953,2026-02-17 22:03:38.953000,XRPUSDT,1.4835,1.4834,1.4833,1.4832,1.4831,60747.9,31094.8,47699.9,39071.8,92947.7,1.4836,1.4837,1.4838,1.4839,1.484,23803.5,1530.2,56528.6,36584.0,91543.9,0.1278612935708126
1771365819964,2026-02-17 22:03:39.964000,BTCUSDT,67635.0,67634.7,67634.4,67632.2,67632.1,0.24,1.478,0.893,0.009,0.009,67635.1,67635.3,67635.4,67636.1,67636.4,7.274,0.009,0.009,0.002,0.364,-0.48886944687469636
1771365819964,2026-02-17 22:03:39.964000,ETHUSDT,1999.0,1998.9,1998.8,1998.7,1998.6,46.476,38.655,131.949,147.083,145.473,1999.1,1999.2,1999.3,1999.4,1999.5,49.222,10.407,214.583,19.716,158.657,0.059290952909986365
1771365819964,2026-02-17 22:03:39.964000,SOLUSDT,85.21,85.2,85.19,85.18,85.17,5028.45,4407.3,4196.74,3891.1,3147.24,85.22,85.23,85.24,85.25,85.26,296.94,1316.56,4129.74,3064.79,3182.21,0.2657778817411678
1771365819964,2026-02-17 22:03:39.964000,BNBUSDT,618.6,618.5,618.4,618.3,618.2,327.79,369.26,243.29,60.7,79.03,618.7,618.8,618.9,619.0,619.1,24.3,278.25,268.2,325.8,263.73,-0.03580244158278842
1771365819964,2026-02-17 22:03:39.964000,XRPUSDT,1.4835,1.4834,1.4833,1.4832,1.4831,60747.9,31094.8,47699.9,39071.8,92947.7,1.4836,1.4837,1.4838,1.4839,1.484,23803.5,1530.2,56528.6,36584.0,91543.9,0.1278612935708126
1771365820974,2026-02-17 22:03:40.974000,BTCUSDT,67635.0,67634.7,67634.4,67632.2,67632.1,0.239,1.478,0.893,0.014,0.009,67635.1,67635.3,67635.4,67636.1,67636.4,7.274,0.009,0.009,0.002,0.364,-0.4882907394811
1771365820974,2026-02-17 22:03:40.974000,ETHUSDT,1999.0,1998.9,1998.8,1998.7,1998.6,21.214,62.733,132.904,147.083,145.473,1999.1,1999.2,1999.3,1999.4,1999.5,49.422,47.922,177.07,25.974,152.352,0.058896405642796766
1771365820974,2026-02-17 22:03:40.974000,SOLUSDT,85.21,85.2,85.19,85.18,85.17,4973.53,3886.53,3617.72,3891.1,4305.28,85.22,85.23,85.24,85.25,85.26,326.69,1316.56,4129.74,3064.79,3152.53,0.26585001991460444
1771365820974,2026-02-17 22:03:40.974000,BNBUSDT,618.6,618.5,618.4,618.3,618.2,327.79,369.26,243.29,51.01,88.72,618.7,618.8,618.9,619.0,619.1,24.3,278.25,268.2,326.86,263.73,-0.036258426615389514
1771365820974,2026-02-17 22:03:40.974000,XRPUSDT,1.4833,1.4832,1.4831,1.483,1.4829,57896.9,41459.1,105732.1,41873.2,47375.6,1.4834,1.4835,1.4836,1.4837,1.4838,839.4,36669.4,14532.4,23866.4,53493.9,0.38923873786279456
1771365821984,2026-02-17 22:03:41.984000,BTCUSDT,67635.0,67634.7,67634.4,67632.4,67632.3,0.24,1.478,0.893,0.009,0.005,67635.1,67635.3,67635.4,67635.5,67636.1,7.245,0.009,0.04,2.094,0.002,-0.5630461922596754
1771365821984,2026-02-17 22:03:41.984000,ETHUSDT,1999.0,1998.9,1998.8,1998.7,1998.6,20.812,62.733,132.904,147.083,145.473,1999.1,1999.2,1999.3,1999.4,1999.5,49.422,47.922,177.07,25.974,152.352,0.05850303354839384
1771365821984,2026-02-17 22:03:41.984000,SOLUSDT,85.21,85.2,85.19,85.18,85.17,5031.78,3853.16,4775.76,3891.1,2961.73,85.22,85.23,85.24,85.25,85.26,326.69,1316.56,4129.74,3064.79,3152.53,0.26222194054610165
1771365821984,2026-02-17 22:03:41.984000,BNBUSDT,618.6,618.5,618.4,618.3,618.2,327.79,370.28,243.29,51.01,88.72,618.7,618.8,618.9,619.0,619.1,24.3,278.25,268.2,326.86,263.73,-0.03578707027644128
1771365821984,2026-02-17 22:03:41.984000,XRPUSDT,1.4833,1.4832,1.4831,1.483,1.4829,57896.9,41459.1,105732.1,41873.2,47375.6,1.4834,1.4835,1.4836,1.4837,1.4838,839.4,36669.4,14532.4,23866.4,53493.9,0.38923873786279456
1771365822995,2026-02-17 22:03:42.995000,BTCUSDT,67635.0,67634.7,67634.4,67632.4,67632.3,0.24,1.478,0.893,0.009,0.014,67635.1,67635.3,67635.4,67635.5,67636.1,7.245,0.009,0.04,2.094,0.002,-0.5618762475049901
1771365822995,2026-02-17 22:03:42.995000,ETHUSDT,1999.0,1998.9,1998.8,1998.7,1998.6,45.824,37.72,132.904,147.083,145.473,1999.1,1999.2,1999.3,1999.4,1999.5,49.422,47.922,177.07,25.974,152.352,0.05850205460080849
1771365822995,2026-02-17 22:03:42.995000,SOLUSDT,85.21,85.2,85.19,85.18,85.17,5031.78,3853.16,4775.76,3891.1,3152.0,85.22,85.23,85.24,85.25,85.26,326.69,1316.56,4129.74,3064.79,3152.53,0.2665155895052656
1771365822995,2026-02-17 22:03:42.995000,BNBUSDT,618.6,618.5,618.4,618.3,618.2,327.79,370.28,243.29,51.01,88.72,618.7,618.8,618.9,619.0,619.1,24.3,278.25,268.2,326.86,263.73,-0.03578707027644128
1771365822995,2026-02-17 22:03:42.995000,XRPUSDT,1.4833,1.4832,1.4831,1.483,1.4829,57896.9,41459.1,105732.1,41873.2,47375.6,1.4834,1.4835,1.4836,1.4837,1.4838,839.4,36669.4,14532.4,23866.4,53493.9,0.38923873786279456
1771365824003,2026-02-17 22:03:44.003000,BTCUSDT,67635.0,67634.7,67634.4,67632.4,67632.3,0.24,1.478,0.893,0.013,0.009,67635.1,67635.3,67635.4,67635.5,67635.7,7.245,0.009,0.009,2.094,0.028,-0.5618239307705111
1771365824003,2026-02-17 22:03:44.003000,ETHUSDT,1999.0,1998.9,1998.8,1998.7,1998.6,20.794,63.794,131.949,147.083,145.473,1999.1,1999.2,1999.3,1999.4,1999.5,49.222,10.407,214.583,25.974,152.352,0.05881153997739258
1771365824003,2026-02-17 22:03:44.003000,SOLUSDT,85.21,85.2,85.19,85.18,85.17,5031.78,3853.16,4775.76,3891.1,3152.0,85.22,85.23,85.24,85.25,85.26,296.94,1316.56,4129.74,3064.79,3182.28,0.2665155895052656
1771365824003,2026-02-17 22:03:44.003000,BNBUSDT,618.6,618.5,618.4,618.3,618.2,327.79,370.28,243.29,51.01,88.72,618.7,618.8,618.9,619.0,619.1,24.3,278.25,268.2,326.86,263.73,-0.03578707027644128
1771365824003,2026-02-17 22:03:44.003000,XRPUSDT,1.4833,1.4832,1.4831,1.483,1.4829,57896.9,41459.1,105732.1,41873.2,47375.6,1.4834,1.4835,1.4836,1.4837,1.4838,839.4,36669.4,14532.4,23866.4,53493.9,0.38923873786279456
1771365825015,2026-02-17 22:03:45.015000,BTCUSDT,67635.0,67634.7,67634.4,67632.4,67632.3,0.24,1.478,0.893,0.013,0.009,67635.1,67635.3,67635.4,67635.5,67635.7,7.245,0.009,0.009,2.094,0.028,-0.5618239307705111
1771365825015,2026-02-17 22:03:45.015000,ETHUSDT,1999.0,1998.9,1998.8,1998.7,1998.6,45.756,38.781,131.949,147.083,145.473,1999.1,1999.2,1999.3,1999.4,1999.5,49.222,10.407,214.583,25.974,152.352,0.058761621497951305
1771365825015,2026-02-17 22:03:45.015000,SOLUSDT,85.21,85.2,85.19,85.18,85.17,5031.78,3853.16,4775.76,3891.1,3152.0,85.22,85.23,85.24,85.25,85.26,296.94,1316.56,4129.74,3064.79,3182.28,0.2665155895052656
1771365825015,2026-02-17 22:03:45.015000,BNBUSDT,618.6,618.5,618.4,618.3,618.2,320.03,370.28,243.29,51.01,88.72,618.7,618.8,618.9,619.0,619.1,24.3,278.25,268.2,326.86,263.73,-0.03938389113381404
1771365825015,2026-02-17 22:03:45.015000,XRPUSDT,1.4831,1.483,1.4829,1.4828,1.4827,101718.4,57476.3,47375.6,49193.1,65329.2,1.4833,1.4834,1.4835,1.4836,1.4837,1533.1,39812.1,24307.2,41364.9,81439.0,0.260301415624683
1771365826025,2026-02-17 22:03:46.025000,BTCUSDT,67635.0,67634.7,67634.4,67632.4,67632.3,0.239,1.478,0.893,0.013,0.009,67635.1,67635.3,67635.4,67635.5,67635.7,7.245,0.009,0.009,2.094,0.028,-0.5619538986435884
1771365826025,2026-02-17 22:03:46.025000,ETHUSDT,1999.0,1998.9,1998.8,1998.7,1998.6,20.544,63.794,131.949,147.083,145.473,1999.1,1999.2,1999.3,1999.4,1999.5,49.356,10.407,214.583,25.974,152.352,0.05841926543007648
1771365826025,2026-02-17 22:03:46.025000,SOLUSDT,85.21,85.2,85.19,85.18,85.17,5031.78,3853.16,4775.76,3891.1,3152.0,85.22,85.23,85.24,85.25,85.26,296.94,1316.56,4129.74,3064.79,3182.28,0.2665155895052656
1771365826025,2026-02-17 22:03:46.025000,BNBUSDT,618.6,618.5,618.4,618.3,618.2,337.09,361.79,243.29,51.01,88.72,618.7,618.8,618.9,619.0,619.1,24.3,278.25,268.2,326.86,263.73,-0.03541306324780241
1771365826025,2026-02-17 22:03:46.025000,XRPUSDT,1.4831,1.483,1.4829,1.4828,1.4827,101718.4,57818.3,47375.6,49193.1,65329.2,1.4833,1.4834,1.4835,1.4836,1.4837,1533.1,39812.1,24307.2,41364.9,81439.0,0.26079755492792683
1771365827032,2026-02-17 22:03:47.032000,BTCUSDT,67635.0,67634.7,67634.4,67632.4,67632.3,0.24,1.478,0.893,0.013,0.009,67635.1,67635.3,67635.4,67635.5,67635.7,7.245,0.009,0.009,2.094,0.028,-0.5618239307705111
1771365827032,2026-02-17 22:03:47.032000,ETHUSDT,1999.0,1998.9,1998.8,1998.7,1998.6,45.756,38.781,131.949,147.083,145.473,1999.1,1999.2,1999.3,1999.4,1999.5,49.156,10.407,214.583,25.974,152.352,0.05883429674450923
1771365827032,2026-02-17 22:03:47.032000,SOLUSDT,85.21,85.2,85.19,85.18,85.17,5031.78,3853.16,4775.76,3891.1,3152.0,85.22,85.23,85.24,85.25,85.26,296.94,1316.56,4129.74,3064.79,3182.28,0.2665155895052656
1771365827032,2026-02-17 22:03:47.032000,BNBUSDT,618.6,618.5,618.4,618.3,618.2,337.09,361.79,243.29,51.01,88.72,618.7,618.8,618.9,619.0,619.1,24.3,278.25,268.2,326.86,263.73,-0.03541306324780241
1771365827032,2026-02-17 22:03:47.032000,XRPUSDT,1.4831,1.483,1.4829,1.4828,1.4827,101718.4,57818.3,47375.6,49193.1,65329.2,1.4833,1.4834,1.4835,1.4836,1.4837,1533.1,39812.1,24307.2,41364.9,81439.0,0.26079755492792683
1771365828040,2026-02-17 22:03:48.040000,BTCUSDT,67635.0,67634.7,67634.4,67632.8,67632.6,0.239,1.478,0.893,0.009,0.009,67635.1,67635.3,67635.4,67635.5,67636.1,7.245,0.009,0.009,2.094,0.033,-0.562656015976036
1771365828040,2026-02-17 22:03:48.040000,ETHUSDT,1999.0,1998.9,1998.8,1998.7,1998.6,45.737,38.781,131.949,147.083,145.473,1999.1,1999.2,1999.3,1999.4,1999.5,49.156,10.407,214.583,25.974,152.291,0.05888287703576119
1771365828040,2026-02-17 22:03:48.040000,SOLUSDT,85.21,85.2,85.19,85.18,85.17,5031.78,3853.16,4775.76,3891.1,3152.0,85.22,85.23,85.24,85.25,85.26,296.94,1316.56,4129.74,3064.79,3182.28,0.2665155895052656
1771365828040,2026-02-17 22:03:48.040000,BNBUSDT,618.6,618.5,618.4,618.3,618.2,337.09,361.79,243.29,51.01,88.72,618.7,618.8,618.9,619.0,619.1,24.3,278.25,268.2,326.86,263.73,-0.03541306324780241
1771365828040,2026-02-17 22:03:48.040000,XRPUSDT,1.4832,1.4831,1.483,1.4829,1.4828,10113.2,91604.5,46497.6,47375.6,49193.1,1.4833,1.4834,1.4835,1.4836,1.4837,693.7,24644.3,39474.0,41364.9,82278.4,0.13001752149447202
1771365829051,2026-02-17 22:03:49.051000,BTCUSDT,67635.0,67634.7,67634.4,67632.8,67632.6,0.24,1.478,0.893,0.009,0.009,67635.1,67635.3,67635.4,67635.5,67635.9,7.245,0.009,0.009,2.094,0.031,-0.5624531913123076
1771365829051,2026-02-17 22:03:49.051000,ETHUSDT,1999.0,1998.9,1998.8,1998.7,1998.6,45.787,38.781,131.949,147.083,145.473,1999.1,1999.2,1999.3,1999.4,1999.5,49.156,10.407,214.583,25.974,152.291,0.05893181789816579
1771365829051,2026-02-17 22:03:49.051000,SOLUSDT,85.21,85.2,85.19,85.18,85.17,5031.78,3853.16,4775.76,3891.1,3152.0,85.22,85.23,85.24,85.25,85.26,296.94,1316.56,4129.74,3064.79,3182.28,0.2665155895052656
1771365829051,2026-02-17 22:03:49.051000,BNBUSDT,618.6,618.5,618.4,618.3,618.2,337.09,361.79,243.29,51.01,88.72,618.7,618.8,618.9,619.0,619.1,24.3,278.25,268.2,326.86,263.73,-0.03541306324780241
1771365829051,2026-02-17 22:03:49.051000,XRPUSDT,1.4832,1.4831,1.483,1.4829,1.4828,10113.2,91604.5,46497.6,47375.6,49193.1,1.4833,1.4834,1.4835,1.4836,1.4837,1585.1,39812.1,24307.2,41364.9,81439.0,0.12987929857050312
1771365830056,2026-02-17 22:03:50.056000,BTCUSDT,67635.0,67634.7,67634.4,67632.8,67632.6,0.239,1.478,0.893,0.009,0.009,67635.1,67635.3,67635.4,67635.5,67635.9,7.245,0.009,0.009,2.094,0.031,-0.5625832223701731
1771365830056,2026-02-17 22:03:50.056000,ETHUSDT,1999.0,1998.9,1998.8,1998.7,1998.6,45.737,38.781,131.949,147.083,145.473,1999.1,1999.2,1999.3,1999.4,1999.5,49.156,10.407,214.583,25.974,152.291,0.05888287703576119
1771365830056,2026-02-17 22:03:50.056000,SOLUSDT,85.21,85.2,85.19,85.18,85.17,5031.76,3853.16,4775.76,3891.1,3152.0,85.22,85.23,85.24,85.25,85.26,296.94,1316.56,4129.74,3064.79,3182.28,0.2665151408098528
1771365830056,2026-02-17 22:03:50.056000,BNBUSDT,618.6,618.5,618.4,618.3,618.2,337.09,361.79,243.29,51.01,88.72,618.7,618.8,618.9,619.0,619.1,24.3,278.25,268.2,326.86,263.73,-0.03541306324780241
1771365830056,2026-02-17 22:03:50.056000,XRPUSDT,1.4832,1.4831,1.483,1.4829,1.4828,10113.2,91604.5,46497.6,47375.6,49193.1,1.4833,1.4834,1.4835,1.4836,1.4837,1585.1,39812.1,24307.2,41364.9,81439.0,0.12987929857050312
1771365831086,2026-02-17 22:03:51.086000,BTCUSDT,67635.0,67634.7,67634.4,67632.8,67632.6,0.239,1.478,0.893,0.009,0.009,67635.1,67635.3,67635.4,67635.5,67635.9,7.245,0.009,0.009,2.094,0.031,-0.5625832223701731
1771365831086,2026-02-17 22:03:51.086000,ETHUSDT,1999.0,1998.9,1998.8,1998.7,1998.6,20.725,63.794,131.949,147.083,145.473,1999.1,1999.2,1999.3,1999.4,1999.5,49.156,9.815,214.583,25.974,163.139,0.04770755312131129
1771365831086,2026-02-17 22:03:51.086000,SOLUSDT,85.21,85.2,85.19,85.18,85.17,5031.76,3853.16,4775.76,3891.1,3152.0,85.22,85.23,85.24,85.25,85.26,296.94,1316.56,4129.74,3064.79,3182.28,0.2665151408098528
1771365831086,2026-02-17 22:03:51.086000,BNBUSDT,618.6,618.5,618.4,618.3,618.2,337.09,361.79,243.29,51.01,88.72,618.7,618.8,618.9,619.0,619.1,24.3,278.25,268.2,326.86,263.73,-0.03541306324780241
1771365831086,2026-02-17 22:03:51.086000,XRPUSDT,1.4832,1.4831,1.483,1.4829,1.4828,10113.2,91604.5,46497.6,47375.6,49193.1,1.4833,1.4834,1.4835,1.4836,1.4837,1585.1,39812.1,24307.2,41364.9,81439.0,0.12987929857050312
1771365832097,2026-02-17 22:03:52.097000,BTCUSDT,67635.0,67634.7,67634.4,67632.8,67632.6,0.24,1.478,0.893,0.009,0.009,67635.1,67635.3,67635.4,67635.5,67635.9,7.245,0.009,0.009,2.094,0.031,-0.5624531913123076
1771365832097,2026-02-17 22:03:52.097000,ETHUSDT,1999.0,1998.9,1998.8,1998.7,1998.6,20.725,63.73,131.949,147.083,145.473,1999.1,1999.2,1999.3,1999.4,1999.5,49.356,9.815,214.583,25.974,163.139,0.04742922351406162
1771365832097,2026-02-17 22:03:52.097000,SOLUSDT,85.21,85.2,85.19,85.18,85.17,5013.06,3834.81,4775.76,3891.1,3152.0,85.22,85.23,85.24,85.25,85.26,277.74,1316.56,4136.98,3076.75,3182.28,0.265682989027787
1771365832097,2026-02-17 22:03:52.097000,BNBUSDT,618.6,618.5,618.4,618.3,618.2,337.09,361.79,243.29,51.01,88.72,618.7,618.8,618.9,619.0,619.1,24.3,278.25,268.2,326.86,263.73,-0.03541306324780241
1771365832097,2026-02-17 22:03:52.097000,XRPUSDT,1.4832,1.4831,1.483,1.4829,1.4828,26040.2,106775.4,31325.7,47375.6,49193.1,1.4833,1.4834,1.4835,1.4836,1.4837,312.7,39812.1,24307.2,41364.9,82278.4,0.16184732432189744
1771365833108,2026-02-17 22:03:53.108000,BTCUSDT,67636.3,67635.4,67635.3,67635.1,67635.0,5.766,0.009,0.002,0.148,0.26,67636.4,67639.9,67640.0,67640.6,67640.7,0.681,0.009,0.01,0.009,1.947,0.3991629906119217
1771365833108,2026-02-17 22:03:53.108000,ETHUSDT,1999.0,1998.9,1998.8,1998.7,1998.6,72.983,37.72,131.949,147.083,161.006,1999.1,1999.2,1999.3,1999.4,1999.5,35.256,3.744,51.593,49.76,163.139,0.28943976643374814
1771365833108,2026-02-17 22:03:53.108000,SOLUSDT,85.21,85.2,85.19,85.18,85.17,5013.04,3773.16,4775.76,3891.1,3152.0,85.22,85.23,85.24,85.25,85.26,277.74,21.65,2893.07,3983.45,3205.76,0.3299280046652228
1771365833108,2026-02-17 22:03:53.108000,BNBUSDT,618.6,618.5,618.4,618.3,618.2,337.09,362.31,243.29,51.01,88.72,618.7,618.8,618.9,619.0,619.1,20.59,241.89,283.67,336.05,263.73,-0.02850090874413814
1771365833108,2026-02-17 22:03:53.108000,XRPUSDT,1.4833,1.4832,1.4831,1.483,1.4829,40525.5,27861.1,106775.4,31325.7,47375.6,1.4834,1.4835,1.4836,1.4837,1.4838,40505.8,17457.1,41364.9,82278.4,40525.5,0.06666372545930105
1771365834119,2026-02-17 22:03:54.119000,BTCUSDT,67636.3,67635.4,67635.3,67635.1,67635.0,5.824,0.009,0.002,0.148,0.26,67636.4,67639.9,67640.0,67640.6,67640.7,0.665,0.009,0.01,0.009,1.947,0.4056062141168524
1771365834119,2026-02-17 22:03:54.119000,ETHUSDT,1999.0,1998.9,1998.8,1998.7,1998.6,71.936,38.717,131.949,147.083,161.006,1999.1,1999.2,1999.3,1999.4,1999.5,35.306,4.766,80.484,20.72,163.139,0.28800639920664817
1771365834119,2026-02-17 22:03:54.119000,SOLUSDT,85.21,85.2,85.19,85.18,85.17,5013.04,3831.21,4775.76,3891.1,3152.0,85.22,85.23,85.24,85.25,85.26,277.74,21.65,2893.07,3983.45,3205.76,0.3311809586023802
1771365834119,2026-02-17 22:03:54.119000,BNBUSDT,618.6,618.5,618.4,618.3,618.2,337.09,362.31,243.29,51.01,88.72,618.7,618.8,618.9,619.0,619.1,20.59,241.89,283.67,336.05,263.73,-0.02850090874413814
1771365834119,2026-02-17 22:03:54.119000,XRPUSDT,1.4833,1.4832,1.4831,1.483,1.4829,40525.5,27861.1,106775.4,31325.7,47375.6,1.4834,1.4835,1.4836,1.4837,1.4838,40505.8,17457.1,41364.9,82278.4,40525.5,0.06666372545930105
1771365835130,2026-02-17 22:03:55.130000,BTCUSDT,67636.3,67635.4,67635.3,67635.1,67635.0,5.824,0.009,0.002,0.148,0.26,67636.4,67639.9,67640.0,67640.6,67640.7,0.665,0.009,0.01,0.009,1.947,0.4056062141168524
1771365835130,2026-02-17 22:03:55.130000,ETHUSDT,1999.0,1998.9,1998.8,1998.7,1998.6,71.936,38.717,131.949,147.083,161.006,1999.1,1999.2,1999.3,1999.4,1999.5,35.306,4.766,80.484,20.72,163.139,0.28800639920664817
1771365835130,2026-02-17 22:03:55.130000,SOLUSDT,85.21,85.2,85.19,85.18,85.17,5068.03,3773.16,4775.76,3891.1,3152.0,85.22,85.23,85.24,85.25,85.26,277.74,21.65,2893.07,3983.45,3205.76,0.3311150284198169
1771365835130,2026-02-17 22:03:55.130000,BNBUSDT,618.6,618.5,618.4,618.3,618.2,337.09,362.31,243.29,60.7,79.03,618.7,618.8,618.9,619.0,619.1,20.59,225.73,299.82,336.05,263.73,-0.02849654900060134
1771365835130,2026-02-17 22:03:55.130000,XRPUSDT,1.4833,1.4832,1.4831,1.483,1.4829,40525.5,27861.1,106775.4,31325.7,47375.6,1.4834,1.4835,1.4836,1.4837,1.4838,40505.8,17457.1,41364.9,82278.4,40525.5,0.06666372545930105
1771365836137,2026-02-17 22:03:56.137000,BTCUSDT,67636.3,67635.4,67635.3,67635.1,67635.0,5.768,0.009,0.002,0.148,0.26,67636.4,67639.9,67640.0,67640.6,67640.7,0.683,0.009,0.01,0.009,1.978,0.3940964398377647
1771365836137,2026-02-17 22:03:56.137000,ETHUSDT,1999.0,1998.9,1998.8,1998.7,1998.6,71.936,38.717,131.949,147.083,161.006,1999.1,1999.2,1999.3,1999.4,1999.5,35.306,4.766,80.484,20.72,163.139,0.28800639920664817
1771365836137,2026-02-17 22:03:56.137000,SOLUSDT,85.21,85.2,85.19,85.18,85.17,5068.03,3773.16,4775.76,3891.1,3152.0,85.22,85.23,85.24,85.25,85.26,277.74,21.65,2634.65,4452.65,3205.76,0.3221374290056795
1771365836137,2026-02-17 22:03:56.137000,BNBUSDT,618.6,618.5,618.4,618.3,618.2,312.85,362.31,243.29,84.96,79.03,618.7,618.8,618.9,619.0,619.1,20.59,225.73,299.82,336.05,263.73,-0.028487318027607754
1771365836137,2026-02-17 22:03:56.137000,XRPUSDT,1.4833,1.4832,1.4831,1.483,1.4829,40525.5,27861.1,106775.4,31325.7,47375.6,1.4834,1.4835,1.4836,1.4837,1.4838,40505.8,17457.1,41364.9,82278.4,40525.5,0.06666372545930105
1771365837142,2026-02-17 22:03:57.142000,BTCUSDT,67636.3,67635.4,67635.3,67635.1,67635.0,5.824,0.009,0.002,0.148,0.26,67636.4,67639.9,67640.0,67640.4,67640.7,0.715,0.009,0.01,0.009,1.978,0.392904953145917
1771365837142,2026-02-17 22:03:57.142000,ETHUSDT,1999.0,1998.9,1998.8,1998.7,1998.6,71.936,38.717,131.949,147.083,161.006,1999.1,1999.2,1999.3,1999.4,1999.5,35.306,4.766,80.484,20.72,163.139,0.28800639920664817
1771365837142,2026-02-17 22:03:57.142000,SOLUSDT,85.21,85.2,85.19,85.18,85.17,5013.04,3773.16,4775.76,3891.1,3152.0,85.22,85.23,85.24,85.25,85.26,277.74,21.65,2634.65,4452.65,3205.76,0.32094260086782567
1771365837142,2026-02-17 22:03:57.142000,BNBUSDT,618.6,618.5,618.4,618.3,618.2,312.85,362.31,243.29,84.96,79.03,618.7,618.8,618.9,619.0,619.1,20.59,225.73,299.82,336.05,263.73,-0.028487318027607754
1771365837142,2026-02-17 22:03:57.142000,XRPUSDT,1.4833,1.4832,1.4831,1.483,1.4829,40525.5,27861.1,106775.4,31325.7,47375.6,1.4834,1.4835,1.4836,1.4837,1.4838,40505.8,17457.1,41364.9,82278.4,40525.5,0.06666372545930105
1771365838150,2026-02-17 22:03:58.150000,BTCUSDT,67636.3,67636.1,67636.0,67635.3,67635.1,5.795,0.009,0.029,0.002,0.148,67636.4,67639.9,67640.0,67640.3,67640.4,0.665,0.009,0.01,0.03,0.009,0.7843722039964212
1771365838150,2026-02-17 22:03:58.150000,ETHUSDT,1999.0,1998.9,1998.8,1998.7,1998.6,71.936,38.717,131.949,147.083,161.006,1999.1,1999.2,1999.3,1999.4,1999.5,35.306,4.766,80.484,12.249,163.139,0.30089353735671226
1771365838150,2026-02-17 22:03:58.150000,SOLUSDT,85.21,85.2,85.19,85.18,85.17,5013.04,3773.16,4775.76,3891.1,3152.0,85.22,85.23,85.24,85.25,85.26,277.74,21.65,2634.65,4452.65,3205.76,0.32094260086782567
1771365838150,2026-02-17 22:03:58.150000,BNBUSDT,618.6,618.5,618.4,618.3,618.2,312.85,362.31,243.29,84.96,79.03,618.7,618.8,618.9,619.0,619.1,20.59,225.73,299.82,336.05,263.73,-0.028487318027607754
1771365838150,2026-02-17 22:03:58.150000,XRPUSDT,1.4833,1.4832,1.4831,1.483,1.4829,40525.5,27861.1,106775.4,31325.7,47375.6,1.4834,1.4835,1.4836,1.4837,1.4838,40505.8,17457.1,41364.9,82278.4,40525.5,0.06666372545930105
1771365839156,2026-02-17 22:03:59.156000,BTCUSDT,67636.3,67636.2,67635.7,67635.3,67635.1,6.053,0.009,0.029,0.002,0.148,67636.4,67639.9,67640.0,67640.1,67640.5,0.665,0.039,0.01,0.009,0.006,0.7908177905308464
1771365839156,2026-02-17 22:03:59.156000,ETHUSDT,1999.0,1998.9,1998.8,1998.7,1998.6,71.936,38.717,131.949,151.983,161.006,1999.1,1999.2,1999.3,1999.4,1999.5,35.299,4.766,80.484,12.249,169.263,0.29560940801164104
1771365839156,2026-02-17 22:03:59.156000,SOLUSDT,85.21,85.2,85.19,85.18,85.17,5072.92,3773.16,4775.76,3891.1,3152.0,85.22,85.23,85.24,85.25,85.26,277.74,21.65,2634.65,4452.65,3205.76,0.3222434758628279
1771365839156,2026-02-17 22:03:59.156000,BNBUSDT,618.6,618.5,618.4,618.3,618.2,337.09,362.31,243.29,60.7,79.03,618.7,618.8,618.9,619.0,619.1,20.59,241.89,283.67,336.05,263.73,-0.02850090874413803
1771365839156,2026-02-17 22:03:59.156000,XRPUSDT,1.4833,1.4832,1.4831,1.483,1.4829,40525.5,27861.1,106775.4,31325.7,47375.6,1.4834,1.4835,1.4836,1.4837,1.4838,40505.8,17457.1,41364.9,82278.4,40525.5,0.06666372545930105
1771365840164,2026-02-17 22:04:00.164000,BTCUSDT,67636.3,67636.2,67635.7,67635.3,67635.1,6.055,0.009,0.029,0.002,0.148,67636.4,67639.9,67640.0,67640.1,67640.7,0.581,0.039,0.01,0.009,1.947,0.4142031940197077
1771365840164,2026-02-17 22:04:00.164000,ETHUSDT,1999.0,1998.9,1998.8,1998.7,1998.6,46.639,38.717,131.949,151.983,161.006,1999.1,1999.2,1999.3,1999.4,1999.5,37.185,4.766,78.806,14.705,180.3,0.253567139763798
1771365840164,2026-02-17 22:04:00.164000,SOLUSDT,85.21,85.2,85.19,85.18,85.17,5072.92,3773.16,4775.76,4072.19,2961.73,85.22,85.23,85.24,85.25,85.26,277.74,21.65,2634.65,4452.65,3205.76,0.3220443667013246
1771365840164,2026-02-17 22:04:00.164000,BNBUSDT,618.6,618.5,618.4,618.3,618.2,337.09,362.31,243.29,60.7,79.03,618.7,618.8,618.9,619.0,619.1,20.59,241.89,283.67,336.05,263.73,-0.02850090874413803
1771365840164,2026-02-17 22:04:00.164000,XRPUSDT,1.4833,1.4832,1.4831,1.483,1.4829,40525.5,27861.1,106775.4,31325.7,47375.6,1.4834,1.4835,1.4836,1.4837,1.4838,40505.8,17457.1,41364.9,82278.4,40525.5,0.06666372545930105
1771365841173,2026-02-17 22:04:01.173000,BTCUSDT,67636.3,67635.1,67634.1,67632.6,67632.5,4.031,0.148,0.003,0.009,0.011,67636.4,67636.5,67639.5,67640.0,67640.6,1.142,0.04,0.009,2.13,0.092,0.10361129349967171
1771365841173,2026-02-17 22:04:01.173000,ETHUSDT,1999.0,1998.9,1998.8,1998.7,1998.6,20.602,62.733,2.32,151.983,145.473,1999.1,1999.2,1999.3,1999.4,1999.5,52.516,50.895,188.095,12.525,163.139,-0.09886025913786145
1771365841173,2026-02-17 22:04:01.173000,SOLUSDT,85.21,85.2,85.19,85.18,85.17,5069.26,3763.86,4775.76,4072.19,2961.73,85.22,85.23,85.24,85.25,85.26,277.74,21.65,3256.51,3631.55,3205.76,0.3302483147801537
1771365841173,2026-02-17 22:04:01.173000,BNBUSDT,618.6,618.5,618.4,618.3,618.2,328.51,362.31,243.29,60.7,79.03,618.7,618.8,618.9,619.0,619.1,24.3,266.13,264.67,336.05,263.73,-0.03636167845220583
1771365841173,2026-02-17 22:04:01.173000,XRPUSDT,1.4833,1.4832,1.4831,1.483,1.4829,40525.5,27312.6,106775.4,31325.7,47375.6,1.4834,1.4835,1.4836,1.4837,1.4838,40505.8,17457.1,41364.9,82278.4,40525.5,0.06558697981791854
1771365842181,2026-02-17 22:04:02.181000,BTCUSDT,67636.3,67635.1,67634.7,67634.2,67634.1,4.031,0.148,1.478,0.009,0.012,67636.4,67636.5,67638.9,67639.0,67639.3,1.113,0.04,0.009,0.147,2.071,0.2536983881651578
1771365842181,2026-02-17 22:04:02.181000,ETHUSDT,1999.0,1998.9,1998.8,1998.7,1998.6,20.752,62.733,132.879,151.983,145.473,1999.1,1999.2,1999.3,1999.4,1999.5,52.516,52.287,191.371,21.717,150.083,0.04669615010888232
1771365842181,2026-02-17 22:04:02.181000,SOLUSDT,85.21,85.2,85.19,85.18,85.17,5069.26,3763.86,4775.76,4072.19,2961.73,85.22,85.23,85.24,85.25,85.26,277.74,21.65,2904.57,3983.45,3205.76,0.33025002924026536
1771365842181,2026-02-17 22:04:02.181000,BNBUSDT,618.6,618.5,618.4,618.3,618.2,336.08,362.31,243.29,60.7,79.03,618.7,618.8,618.9,619.0,619.1,24.3,266.13,264.67,336.05,263.73,-0.03285352078666006
1771365842181,2026-02-17 22:04:02.181000,XRPUSDT,1.4833,1.4832,1.4831,1.483,1.4829,40525.5,27312.6,106775.4,31325.7,47375.6,1.4834,1.4835,1.4836,1.4837,1.4838,40505.8,17457.1,41364.9,82278.4,40525.5,0.06558697981791854
1771365843189,2026-02-17 22:04:03.189000,BTCUSDT,67636.3,67635.9,67635.2,67635.1,67634.2,4.032,1.478,0.009,0.148,0.009,67636.4,67636.5,67636.6,67637.0,67639.0,1.113,0.009,0.009,0.029,0.147,0.6256623227839039
1771365843189,2026-02-17 22:04:03.189000,ETHUSDT,1999.0,1998.9,1998.8,1998.7,1998.6,20.752,74.096,132.879,151.982,145.473,1999.1,1999.2,1999.3,1999.4,1999.5,52.516,52.287,191.371,21.717,150.083,0.0576022296597917
1771365843189,2026-02-17 22:04:03.189000,SOLUSDT,85.21,85.2,85.19,85.18,85.17,5069.17,3763.86,4775.76,4072.19,2961.73,85.22,85.23,85.24,85.25,85.26,277.74,21.65,1930.96,4452.65,3205.76,0.3522250975796448
1771365843189,2026-02-17 22:04:03.189000,BNBUSDT,618.6,618.5,618.4,618.3,618.2,336.08,362.31,243.29,60.7,79.03,618.7,618.8,618.9,619.0,619.1,24.3,266.13,264.67,336.05,263.73,-0.03285352078666006
1771365843189,2026-02-17 22:04:03.189000,XRPUSDT,1.4833,1.4832,1.4831,1.483,1.4829,50638.0,15927.0,106775.4,31325.7,47375.6,1.4834,1.4835,1.4836,1.4837,1.4838,25338.0,16696.9,41364.9,82278.4,40525.5,0.1000293729080532
1771365844200,2026-02-17 22:04:04.200000,BTCUSDT,67636.3,67635.2,67635.1,67634.2,67634.1,4.031,0.009,0.148,0.009,0.003,67636.4,67636.5,67636.6,67639.0,67639.3,1.114,0.009,0.037,0.147,2.065,0.10935023771790812
1771365844200,2026-02-17 22:04:04.200000,ETHUSDT,1999.0,1998.9,1998.8,1998.7,1998.6,20.752,74.096,132.879,151.982,145.473,1999.1,1999.2,1999.3,1999.4,1999.5,52.516,52.287,191.371,21.717,150.083,0.0576022296597917
1771365844200,2026-02-17 22:04:04.200000,SOLUSDT,85.21,85.2,85.19,85.18,85.17,5069.17,3763.86,4775.76,4072.19,2961.73,85.22,85.23,85.24,85.25,85.26,277.74,21.65,2634.65,4452.65,3205.76,0.32176111791967765
1771365844200,2026-02-17 22:04:04.200000,BNBUSDT,618.6,618.5,618.4,618.3,618.2,336.08,362.31,243.29,60.7,79.03,618.7,618.8,618.9,619.0,619.1,24.3,266.13,264.67,336.05,263.73,-0.03285352078666006
1771365844200,2026-02-17 22:04:04.200000,XRPUSDT,1.4833,1.4832,1.4831,1.483,1.4829,40525.5,27466.4,106775.4,31325.7,47375.6,1.4834,1.4835,1.4836,1.4837,1.4838,25338.0,16696.9,41364.9,82278.4,40525.5,0.10282303284317978
1771365845210,2026-02-17 22:04:05.210000,BTCUSDT,67636.3,67635.1,67634.2,67632.5,67631.7,3.13,0.148,0.009,0.011,0.002,67636.4,67636.5,67636.6,67637.5,67638.8,1.44,0.009,0.037,0.009,5.173,-0.33788121990369174
1771365845210,2026-02-17 22:04:05.210000,ETHUSDT,1999.0,1998.9,1998.8,1998.7,1998.6,25.224,49.083,132.879,151.982,145.473,1999.1,1999.2,1999.3,1999.4,1999.5,91.983,14.772,191.371,20.608,150.083,0.03680076592929537
1771365845210,2026-02-17 22:04:05.210000,SOLUSDT,85.21,85.2,85.19,85.18,85.17,5069.17,3763.86,4775.76,4072.19,2961.73,85.22,85.23,85.24,85.25,85.26,277.74,21.65,2917.14,3983.45,3205.76,0.32970953461444935
1771365845210,2026-02-17 22:04:05.210000,BNBUSDT,618.6,618.5,618.4,618.3,618.2,336.08,362.31,243.29,51.01,88.72,618.7,618.8,618.9,619.0,619.1,24.3,266.13,264.67,336.05,263.73,-0.032853520786660165
1771365845210,2026-02-17 22:04:05.210000,XRPUSDT,1.4833,1.4832,1.4831,1.483,1.4829,40525.5,27466.4,106775.4,31325.7,47375.6,1.4834,1.4835,1.4836,1.4837,1.4838,25338.0,16696.9,41364.9,82278.4,40525.5,0.10282303284317978
1771365846219,2026-02-17 22:04:06.219000,BTCUSDT,67636.3,67635.1,67634.2,67632.7,67632.6,2.876,0.148,0.009,0.009,0.03,67636.4,67636.5,67636.6,67636.7,67636.8,1.404,0.075,0.037,2.129,5.173,-0.4832632464255678
1771365846219,2026-02-17 22:04:06.219000,ETHUSDT,1999.0,1998.9,1998.8,1998.7,1998.6,28.69,49.083,132.879,151.982,145.473,1999.1,1999.2,1999.3,1999.4,1999.5,91.983,16.214,188.18,11.416,150.083,0.051999879915071025
1771365846219,2026-02-17 22:04:06.219000,SOLUSDT,85.21,85.2,85.19,85.18,85.17,5069.17,3763.86,4775.76,4072.19,2961.73,85.22,85.23,85.24,85.25,85.26,277.74,21.65,2917.14,3983.45,3205.76,0.32970953461444935
