ts_unix_ms,ts_dt_utc,symbol,bid1_px,bid2_px,bid3_px,bid4_px,bid5_px,bid1_qty,bid2_qty,bid3_qty,bid4_qty,bid5_qty,ask1_px,ask2_px,ask3_px,ask4_px,ask5_px,ask1_qty,ask2_qty,ask3_qty,ask4_qty,ask5_qty,obi5
1771354830654,2026-02-17 19:00:30.654000,ETHUSDT,1998.1,1998.0,1997.9,1997.8,1997.7,30.265,87.787,9.737,18.662,109.007,1998.2,1998.3,1998.4,1998.5,1998.6,44.817,3.545,126.586,46.456,222.284,-0.26922845871963796
1771354831658,2026-02-17 19:00:31.658000,ETHUSDT,1998.1,1998.0,1997.9,1997.8,1997.7,30.265,87.787,9.737,18.662,109.007,1998.2,1998.3,1998.4,1998.5,1998.6,44.817,3.545,126.586,46.456,222.284,-0.26922845871963796
1771354832661,2026-02-17 19:00:32.661000,ETHUSDT,1998.1,1998.0,1997.9,1997.8,1997.7,30.265,87.787,9.737,18.662,109.007,1998.2,1998.3,1998.4,1998.5,1998.6,44.817,3.545,126.586,46.456,222.284,-0.26922845871963796
1771354833666,2026-02-17 19:00:33.666000,ETHUSDT,1998.1,1998.0,1997.9,1997.8,1997.7,54.987,7.967,47.276,18.662,109.207,1998.2,1998.3,1998.4,1998.5,1998.6,36.142,4.665,124.792,5.081,259.81,-0.28775675340156665
1771354834668,2026-02-17 19:00:34.668000,ETHUSDT,1998.1,1998.0,1997.9,1997.8,1997.7,36.158,3.855,13.817,56.203,109.207,1998.2,1998.3,1998.4,1998.5,1998.6,76.095,4.665,99.772,42.609,222.284,-0.34029924849360205
1771354835673,2026-02-17 19:00:35.673000,ETHUSDT,1998.1,1998.0,1997.9,1997.8,1997.7,51.802,4.08,41.716,18.662,109.207,1998.2,1998.3,1998.4,1998.5,1998.6,42.315,4.728,124.992,42.609,222.284,-0.3192370111489368
1771354836678,2026-02-17 19:00:36.678000,ETHUSDT,1998.2,1998.1,1998.0,1997.9,1997.8,27.696,3.745,14.575,48.797,18.308,1998.3,1998.4,1998.5,1998.6,1998.7,110.433,98.415,41.455,211.64,268.845,-0.7319118530552465
1771354837682,2026-02-17 19:00:37.682000,ETHUSDT,1998.9,1998.8,1998.7,1998.6,1998.5,7.447,90.297,18.872,13.611,104.356,1999.0,1999.1,1999.2,1999.3,1999.4,71.047,11.541,141.872,8.217,151.952,-0.24231765534259675
1771354838685,2026-02-17 19:00:38.685000,ETHUSDT,1998.9,1998.7,1998.6,1998.5,1998.4,101.174,8.192,16.51,109.057,5.435,1999.0,1999.1,1999.2,1999.3,1999.4,51.116,7.547,124.372,46.294,151.952,-0.22667614682883747
1771354839689,2026-02-17 19:00:39.689000,ETHUSDT,1998.9,1998.8,1998.7,1998.6,1998.5,67.359,38.68,6.88,13.765,110.679,1999.0,1999.1,1999.2,1999.3,1999.4,80.29,7.547,99.988,46.294,153.669,-0.24062186575723304
1771354840694,2026-02-17 19:00:40.694000,ETHUSDT,1998.5,1998.4,1998.3,1998.1,1998.0,127.991,0.154,10.633,117.648,144.84,1998.6,1998.8,1998.9,1999.0,1999.1,38.109,100.89,40.287,145.572,117.896,-0.04915523328831063
1771354841700,2026-02-17 19:00:41.700000,ETHUSDT,1998.5,1998.4,1998.3,1998.2,1998.1,102.853,2.937,12.051,7.675,117.648,1998.6,1998.7,1998.8,1998.9,1999.0,80.494,45.684,100.89,119.012,183.162,-0.3703725760804551
1771354842704,2026-02-17 19:00:42.704000,ETHUSDT,1998.5,1998.4,1998.3,1998.2,1998.1,59.488,41.118,10.833,7.675,55.311,1998.6,1998.7,1998.8,1998.9,1999.0,80.497,8.284,138.412,121.979,183.162,-0.5064088324308571
1771354843710,2026-02-17 19:00:43.710000,ETHUSDT,1998.5,1998.3,1998.2,1998.1,1998.0,50.684,0.154,37.733,14.741,34.807,1998.6,1998.7,1998.8,1998.9,1999.0,206.714,36.917,117.533,105.872,46.383,-0.5760216595194754
1771354844714,2026-02-17 19:00:44.714000,ETHUSDT,1998.3,1998.2,1998.1,1998.0,1997.9,101.106,7.767,22.104,2.324,143.415,1998.4,1998.6,1998.7,1998.8,1998.9,6.555,20.011,157.294,1.634,218.5,-0.1869783020669595
1771354845719,2026-02-17 19:00:45.719000,ETHUSDT,1998.5,1998.4,1998.3,1998.1,1998.0,43.213,42.869,18.8,117.647,2.091,1998.6,1998.7,1998.8,1998.9,1999.0,22.403,154.526,5.205,218.5,46.583,-0.3313259019672926
1771354846725,2026-02-17 19:00:46.725000,ETHUSDT,1998.5,1998.4,1998.3,1998.1,1998.0,55.148,40.483,10.787,119.004,113.815,1998.6,1998.7,1998.8,1998.9,1999.0,32.262,32.916,5.401,143.392,46.583,0.13118402910347113
1771354847727,2026-02-17 19:00:47.727000,ETHUSDT,1998.5,1998.4,1998.3,1998.2,1998.1,89.396,7.378,106.604,0.235,119.004,1998.6,1998.7,1998.8,1998.9,1999.0,30.06,32.916,5.42,143.392,46.583,0.11058059718961498
1771354848733,2026-02-17 19:00:48.733000,ETHUSDT,1998.6,1998.5,1998.4,1998.3,1998.2,7.446,54.135,8.523,48.164,33.766,1998.7,1998.8,1998.9,1999.0,1999.1,53.173,162.434,115.468,143.375,134.525,-0.6004409934705109
1771354849735,2026-02-17 19:00:49.735000,ETHUSDT,1998.6,1998.5,1998.4,1998.3,1998.2,4.857,93.678,4.08,11.041,0.85,1998.7,1998.8,1998.9,1999.0,1999.1,107.306,137.419,119.632,157.435,194.445,-0.7243287033414667
1771354850741,2026-02-17 19:00:50.741000,ETHUSDT,1998.9,1998.8,1998.7,1998.6,1998.5,0.4,25.015,42.044,20.136,8.245,1999.0,1999.1,1999.2,1999.3,1999.4,69.086,136.877,36.461,106.486,33.96,-0.5995905663136345
1771354851744,2026-02-17 19:00:51.744000,ETHUSDT,1998.5,1998.4,1998.3,1998.2,1998.1,35.405,13.394,53.75,8.876,153.042,1998.6,1998.7,1998.8,1998.9,1999.0,20.994,8.984,216.96,3.545,140.968,-0.19359737040300776
1771354852749,2026-02-17 19:00:52.749000,ETHUSDT,1998.7,1998.5,1998.4,1998.3,1998.2,96.415,19.813,0.2,16.219,55.847,1998.8,1998.9,1999.0,1999.1,1999.2,148.712,5.423,153.659,138.894,146.893,-0.5179643896045775
1771354853754,2026-02-17 19:00:53.754000,ETHUSDT,1998.7,1998.6,1998.5,1998.4,1998.3,66.126,41.832,110.132,15.326,139.567,1998.8,1999.1,1999.2,1999.3,1999.4,0.05,106.925,79.044,236.68,19.875,-0.08532941290430958
1771354854756,2026-02-17 19:00:54.756000,ETHUSDT,1999.0,1998.8,1998.7,1998.6,1998.5,0.4,99.342,18.997,3.544,110.132,1999.1,1999.2,1999.3,1999.4,1999.5,125.708,190.767,236.68,20.305,228.056,-0.5504245447713627
1771354855760,2026-02-17 19:00:55.760000,ETHUSDT,1998.5,1998.4,1998.3,1998.2,1998.1,72.074,4.99,12.883,11.48,161.87,1998.6,1998.7,1998.8,1998.9,1999.0,114.976,6.728,121.967,102.906,134.181,-0.29226468473432743
1771354856764,2026-02-17 19:00:56.764000,ETHUSDT,1998.5,1998.4,1998.3,1998.2,1998.1,87.941,4.08,12.883,11.799,162.743,1998.6,1998.7,1998.8,1998.9,1999.0,10.605,102.745,122.167,103.517,118.728,-0.24188017493027741
1771354857769,2026-02-17 19:00:57.769000,ETHUSDT,1998.7,1998.6,1998.5,1998.4,1998.3,100.316,37.726,108.108,15.669,107.524,1998.8,1999.1,1999.2,1999.3,1999.4,32.967,111.85,155.764,236.88,9.096,-0.19348618844852056
1771354858772,2026-02-17 19:00:58.772000,ETHUSDT,1999.1,1999.0,1998.9,1998.8,1998.7,64.686,40.121,11.005,13.171,111.006,1999.2,1999.3,1999.4,1999.5,1999.6,36.329,150.979,58.788,103.686,50.759,-0.2506549263890841
1771354859777,2026-02-17 19:00:59.777000,ETHUSDT,1999.0,1998.9,1998.8,1998.7,1998.6,42.931,6.797,12.459,46.836,36.46,1999.1,1999.2,1999.3,1999.4,1999.5,212.145,119.43,148.421,142.591,104.256,-0.666448093946529
1771354860783,2026-02-17 19:01:00.783000,ETHUSDT,1998.7,1998.6,1998.5,1998.4,1998.3,79.44,40.069,16.742,15.214,120.786,1998.8,1998.9,1999.0,1999.1,1999.2,4.626,118.677,87.943,128.737,116.741,-0.253058060976028
1771354861787,2026-02-17 19:01:01.787000,ETHUSDT,1998.0,1997.9,1997.8,1997.7,1997.6,87.093,8.654,12.554,16.78,110.569,1998.1,1998.2,1998.3,1998.4,1998.5,107.324,95.157,104.971,34.035,143.991,-0.3464405764302592
1771354862789,2026-02-17 19:01:02.789000,ETHUSDT,1998.4,1998.3,1998.2,1998.1,1998.0,111.242,11.659,5.003,112.623,22.389,1998.5,1998.6,1998.7,1998.8,1998.9,37.186,4.08,38.889,55.475,140.843,-0.0251339942045536
1771354863794,2026-02-17 19:01:03.794000,ETHUSDT,1998.6,1998.5,1998.4,1998.3,1998.2,87.204,45.704,13.952,133.004,135.289,1998.7,1998.9,1999.0,1999.1,1999.2,1.969,102.684,58.329,147.238,129.716,-0.02898294797383673
1771354864799,2026-02-17 19:01:04.799000,ETHUSDT,1999.0,1998.9,1998.8,1998.7,1998.6,114.114,5.477,2.958,17.676,115.456,1999.1,1999.2,1999.3,1999.4,1999.5,5.147,100.845,67.32,145.058,45.717,-0.17491383872674937
1771354865802,2026-02-17 19:01:05.802000,ETHUSDT,1999.0,1998.9,1998.8,1998.7,1998.6,91.082,56.345,95.817,128.647,161.946,1999.1,1999.3,1999.4,1999.5,1999.6,0.003,128.734,67.995,53.341,101.174,0.2062968034672415
1771354866808,2026-02-17 19:01:06.808000,ETHUSDT,1999.0,1998.9,1998.8,1998.7,1998.6,125.922,18.825,95.817,128.647,161.946,1999.1,1999.3,1999.4,1999.5,1999.6,1.728,163.568,78.049,11.752,176.282,0.10366157733321134
1771354867810,2026-02-17 19:01:07.810000,ETHUSDT,1999.0,1998.9,1998.8,1998.7,1998.6,81.767,39.182,10.314,112.493,151.593,1999.1,1999.2,1999.3,1999.4,1999.5,0.153,95.817,65.31,136.936,59.803,0.04955081713053911
1771354868815,2026-02-17 19:01:08.815000,ETHUSDT,1999.0,1998.9,1998.8,1998.7,1998.6,111.502,1.2,10.314,112.339,39.869,1999.1,1999.2,1999.3,1999.4,1999.5,11.346,122.189,77.815,137.136,22.294,-0.1479185887393886
1771354869819,2026-02-17 19:01:09.819000,ETHUSDT,1998.7,1998.6,1998.5,1998.4,1998.3,97.665,20.074,40.005,12.151,106.618,1998.8,1999.0,1999.1,1999.2,1999.3,10.28,192.455,40.105,96.017,274.9,-0.3788109225291203
1771354870820,2026-02-17 19:01:10.820000,ETHUSDT,1999.0,1998.9,1998.8,1998.7,1998.6,78.133,141.634,115.385,112.538,142.318,1999.1,1999.3,1999.4,1999.5,1999.6,34.684,96.355,74.348,58.429,95.817,0.24259167411685045
1771354871824,2026-02-17 19:01:11.824000,ETHUSDT,1999.0,1998.9,1998.8,1998.7,1998.6,71.819,18.505,37.522,112.538,134.182,1999.1,1999.2,1999.3,1999.4,1999.5,44.064,25.01,104.502,78.629,20.994,0.15648730635338445
1771354872827,2026-02-17 19:01:12.827000,ETHUSDT,1999.0,1998.9,1998.8,1998.7,1998.6,90.425,5.398,6.214,19.426,10.66,1999.1,1999.2,1999.3,1999.4,1999.5,111.712,37.515,100.09,130.675,282.934,-0.6676355796938304
1771354873831,2026-02-17 19:01:13.831000,ETHUSDT,1998.8,1998.7,1998.6,1998.5,1998.4,39.174,42.291,18.938,41.556,123.875,1998.9,1999.0,1999.1,1999.3,1999.4,13.357,198.447,34.236,236.25,115.108,-0.3840960483392644
1771354874835,2026-02-17 19:01:14.835000,ETHUSDT,1998.8,1998.7,1998.6,1998.5,1998.4,63.458,45.098,20.434,137.766,132.974,1998.9,1999.0,1999.1,1999.2,1999.3,2.29,120.829,33.118,7.332,147.189,0.12522660481246692
1771354875840,2026-02-17 19:01:15.840000,ETHUSDT,1999.0,1998.9,1998.8,1998.7,1998.6,120.315,4.474,6.245,13.976,136.5,1999.1,1999.2,1999.3,1999.4,1999.5,37.187,0.538,135.38,45.398,51.323,0.021192158683633982
1771354876842,2026-02-17 19:01:16.842000,ETHUSDT,1999.1,1999.0,1998.9,1998.8,1998.7,8.318,35.378,45.54,37.921,113.516,1999.2,1999.3,1999.4,1999.5,1999.6,116.577,94.372,100.678,53.859,101.21,-0.31952630098293816
1771354877844,2026-02-17 19:01:17.844000,ETHUSDT,1999.0,1998.9,1998.8,1998.7,1998.6,41.929,52.098,38.275,113.516,130.282,1999.1,1999.2,1999.3,1999.4,1999.5,11.846,146.037,77.473,100.478,137.785,-0.11476617564159446
1771354878849,2026-02-17 19:01:18.849000,ETHUSDT,1999.0,1998.9,1998.8,1998.7,1998.6,49.789,51.163,38.275,128.101,115.668,1999.1,1999.2,1999.3,1999.4,1999.5,2.472,96.017,102.481,100.478,12.207,0.09953477422698025
1771354879854,2026-02-17 19:01:19.854000,ETHUSDT,1999.0,1998.9,1998.8,1998.7,1998.6,49.263,43.583,12.617,161.019,3.944,1999.1,1999.2,1999.3,1999.4,1999.5,10.621,102.644,95.439,100.478,124.331,-0.2316777448045924
1771354880856,2026-02-17 19:01:20.856000,ETHUSDT,1999.0,1998.9,1998.8,1998.7,1998.6,40.543,41.063,10.135,128.101,120.871,1999.1,1999.2,1999.3,1999.4,1999.5,19.239,102.644,95.639,105.481,124.331,-0.13529776777273442
1771354881859,2026-02-17 19:01:21.859000,ETHUSDT,1998.8,1998.7,1998.6,1998.5,1998.4,53.135,54.316,8.947,120.141,118.983,1998.9,1999.0,1999.1,1999.2,1999.3,4.324,95.817,16.031,190.244,3.543,0.06846626725631534
1771354882861,2026-02-17 19:01:22.861000,ETHUSDT,1998.6,1998.5,1998.4,1998.3,1998.2,5.533,66.314,12.269,13.5,34.085,1998.7,1998.8,1998.9,1999.0,1999.1,116.242,87.652,142.623,131.268,103.258,-0.6304395407046569
1771354883864,2026-02-17 19:01:23.864000,ETHUSDT,1999.3,1999.2,1999.1,1999.0,1998.9,6.872,237.138,3.543,219.619,51.366,1999.9,2000.0,2000.2,2000.3,2000.4,0.538,25.194,37.496,12.034,7.086,0.7259114041598573
1771354884870,2026-02-17 19:01:24.870000,ETHUSDT,1999.9,1999.8,1999.7,1999.6,1999.5,92.387,49.59,6.337,107.374,215.67,2000.0,2000.2,2000.3,2000.4,2000.5,0.194,32.918,99.732,39.273,135.612,0.21002660806816179
1771354885874,2026-02-17 19:01:25.874000,ETHUSDT,1999.5,1999.4,1999.2,1999.1,1999.0,78.89,43.665,8.546,95.971,146.221,1999.6,1999.8,1999.9,2000.0,2000.1,33.49,7.551,103.103,168.585,123.056,-0.07723853571596313
1771354886877,2026-02-17 19:01:26.877000,ETHUSDT,1999.9,1999.8,1999.7,1999.6,1999.5,30.818,175.708,3.603,117.815,136.835,2000.0,2000.3,2000.4,2000.5,2000.6,0.194,24.996,96.935,9.707,113.425,0.3091702392554743
1771354887883,2026-02-17 19:01:27.883000,ETHUSDT,2000.4,2000.3,2000.2,2000.1,2000.0,28.019,1.067,5.217,2.834,37.5,2000.5,2000.6,2000.7,2000.8,2000.9,97.269,129.185,121.176,100.631,236.119,-0.803332468179237
1771354888885,2026-02-17 19:01:28.885000,ETHUSDT,2000.0,1999.9,1999.8,1999.7,1999.6,41.517,7.405,37.503,43.544,7.294,2000.1,2000.2,2000.3,2000.5,2000.6,20.88,49.995,166.429,127.597,96.509,-0.5414424903077307
1771354889891,2026-02-17 19:01:29.891000,ETHUSDT,2000.0,1999.9,1999.8,1999.7,1999.6,93.064,6.05,0.2,139.361,114.215,2000.1,2000.3,2000.4,2000.5,2000.6,0.659,33.318,123.146,15.673,133.997,0.0698775017697894
1771354890894,2026-02-17 19:01:30.894000,ETHUSDT,2000.2,2000.1,2000.0,1999.9,1999.8,30.433,3.876,5.959,53.128,7.069,2000.3,2000.4,2000.5,2000.6,2000.7,115.866,27.284,43.589,134.203,9.298,-0.5334857965428773
1771354891896,2026-02-17 19:01:31.896000,ETHUSDT,2000.2,2000.1,2000.0,1999.9,1999.8,45.521,3.697,6.19,53.128,39.988,2000.3,2000.4,2000.5,2000.6,2000.7,20.349,76.39,43.589,96.715,9.298,-0.2477226393830803
1771354892902,2026-02-17 19:01:32.902000,ETHUSDT,2000.2,2000.1,2000.0,1999.9,1999.8,45.521,4.992,4.376,53.128,39.988,2000.3,2000.4,2000.5,2000.6,2000.7,20.049,36.231,46.223,96.715,46.784,-0.24871893138954387
1771354893906,2026-02-17 19:01:33.906000,ETHUSDT,2000.0,1999.9,1999.8,1999.7,1999.6,42.661,49.611,10.171,43.544,3.429,2000.1,2000.2,2000.3,2000.4,2000.5,18.987,96.017,88.561,101.661,156.851,-0.5113075701602473
1771354894910,2026-02-17 19:01:34.910000,ETHUSDT,2000.0,1999.9,1999.8,1999.7,1999.6,42.56,51.016,10.161,43.544,19.454,2000.1,2000.2,2000.3,2000.4,2000.5,19.223,96.017,94.348,95.827,156.651,-0.46967323525248844
1771354895914,2026-02-17 19:01:35.914000,ETHUSDT,2000.0,1999.9,1999.8,1999.7,1999.6,40.73,52.148,9.208,43.543,19.454,2000.1,2000.2,2000.3,2000.4,2000.5,19.023,96.017,94.348,95.827,156.651,-0.47337662234089223
1771354896920,2026-02-17 19:01:36.920000,ETHUSDT,2000.0,1999.9,1999.8,1999.7,1999.6,15.448,37.615,43.611,48.545,19.454,2000.1,2000.2,2000.3,2000.4,2000.5,19.226,96.017,94.348,95.827,156.651,-0.4745110428214481
1771354897922,2026-02-17 19:01:37.922000,ETHUSDT,2000.0,1999.9,1999.8,1999.7,1999.6,40.648,8.593,47.622,48.545,19.454,2000.1,2000.2,2000.3,2000.4,2000.5,19.026,96.017,94.348,95.827,156.651,-0.4738986901876562
1771354898928,2026-02-17 19:01:38.928000,ETHUSDT,1999.2,1999.1,1999.0,1998.9,1998.8,74.867,11.98,42.809,39.682,1.077,1999.3,1999.4,1999.5,1999.6,1999.7,0.845,32.917,28.143,9.104,134.738,-0.09392761629298013
1771354899934,2026-02-17 19:01:39.934000,ETHUSDT,1999.2,1999.1,1999.0,1998.9,1998.8,75.23,50.155,38.992,135.499,1.277,1999.3,1999.5,1999.6,1999.7,1999.8,0.286,120.823,13.408,97.233,76.201,-0.011160655651580122
1771354900935,2026-02-17 19:01:40.935000,ETHUSDT,1998.7,1998.5,1998.3,1998.1,1998.0,0.194,1.33,0.751,6.874,10.718,1998.8,1998.9,1999.0,1999.1,1999.2,236.903,3.542,218.368,0.924,5.646,-0.9181164348274085
1771354901941,2026-02-17 19:01:41.941000,ETHUSDT,1998.4,1998.2,1998.1,1998.0,1997.9,67.866,5.157,5.597,41.811,12.527,1998.5,1998.6,1998.7,1998.8,1998.9,132.882,37.526,10.827,242.321,36.46,-0.5515553801684392
1771354902942,2026-02-17 19:01:42.942000,ETHUSDT,1998.4,1998.3,1998.2,1998.1,1998.0,76.822,1.601,6.475,5.889,39.127,1998.5,1998.6,1998.7,1998.8,1998.9,107.661,25.017,12.121,247.524,74.22,-0.5643810031569753
1771354903945,2026-02-17 19:01:43.945000,ETHUSDT,1998.4,1998.3,1998.2,1998.1,1998.0,76.822,1.601,6.475,5.889,134.944,1998.5,1998.6,1998.7,1998.8,1998.9,106.589,25.017,12.121,247.524,74.22,-0.34684506121220715
1771354904947,2026-02-17 19:01:44.947000,ETHUSDT,1998.2,1998.0,1997.9,1997.8,1997.7,27.679,6.492,74.2,6.513,23.872,1998.3,1998.4,1998.5,1998.6,1998.7,207.903,2.406,104.366,159.157,85.735,-0.6026022342096707
1771354905952,2026-02-17 19:01:45.952000,ETHUSDT,1997.7,1997.6,1997.5,1997.4,1997.3,52.603,8.347,72.354,6.9,105.784,1997.8,1997.9,1998.0,1998.1,1998.2,106.146,87.591,109.196,4.08,56.723,-0.19311688567286184
1771354906958,2026-02-17 19:01:46.958000,ETHUSDT,1997.4,1997.3,1997.2,1997.1,1997.0,0.194,25.033,37.552,13.334,21.646,1997.5,1997.6,1997.7,1997.8,1997.9,11.372,95.817,86.881,184.763,124.019,-0.6744681665836956
1771354907962,2026-02-17 19:01:47.962000,ETHUSDT,1996.9,1996.8,1996.7,1996.6,1996.5,85.294,37.56,33.118,107.914,118.803,1997.0,1997.2,1997.3,1997.4,1997.5,0.274,25.035,7.61,167.775,147.333,0.047435665840080105
1771354908966,2026-02-17 19:01:48.966000,ETHUSDT,1997.1,1996.9,1996.8,1996.7,1996.6,0.4,41.189,7.601,75.481,103.111,1997.2,1997.3,1997.4,1997.5,1997.6,180.948,11.187,130.027,132.568,110.061,-0.42520878203017265
1771354909971,2026-02-17 19:01:49.971000,ETHUSDT,1996.8,1996.7,1996.6,1996.5,1996.4,18.78,37.633,77.576,6.679,110.838,1996.9,1997.0,1997.1,1997.2,1997.3,10.623,103.276,10.984,96.295,198.126,-0.2501423652002802
1771354910976,2026-02-17 19:01:50.976000,ETHUSDT,1996.7,1996.6,1996.5,1996.4,1996.3,16.078,32.199,38.719,153.408,90.214,1996.8,1996.9,1997.0,1997.1,1997.2,10.543,105.655,91.679,119.012,133.937,-0.1645195364422499
1771354911977,2026-02-17 19:01:51.977000,ETHUSDT,1996.2,1996.1,1996.0,1995.9,1995.8,46.013,38.858,11.932,42.798,99.367,1996.3,1996.4,1996.5,1996.6,1996.7,11.158,121.062,3.546,38.901,330.404,-0.35764657497792457
1771354912983,2026-02-17 19:01:52.983000,ETHUSDT,1996.2,1996.1,1996.0,1995.9,1995.8,71.55,46.168,101.42,63.714,101.258,1996.3,1996.5,1996.6,1996.7,1996.8,0.378,36.464,4.843,173.662,12.859,0.25461363087033484
1771354913985,2026-02-17 19:01:53.985000,ETHUSDT,1996.5,1996.4,1996.3,1996.2,1996.1,69.563,42.77,33.119,13.298,22.755,1996.6,1996.7,1996.8,1996.9,1997.0,10.1,32.918,32.128,104.321,77.655,-0.17239476821992256
1771354914989,2026-02-17 19:01:54.989000,ETHUSDT,1996.3,1996.2,1996.1,1996.0,1995.9,29.345,55.624,5.003,96.017,24.38,1996.5,1996.6,1996.7,1996.9,1997.0,96.075,20.041,183.46,127.762,136.783,-0.45675476765355266
1771354915994,2026-02-17 19:01:55.994000,ETHUSDT,1996.3,1996.2,1996.1,1996.0,1995.9,47.031,49.768,45.573,0.2,26.271,1996.4,1996.5,1996.6,1996.7,1996.8,8.747,25.043,17.892,133.424,0.154,-0.046362216643180014
1771354916999,2026-02-17 19:01:56.999000,ETHUSDT,1996.9,1996.8,1996.7,1996.6,1996.5,14.901,93.791,5.003,0.154,72.972,1997.0,1997.1,1997.2,1997.3,1997.4,68.901,7.088,139.085,123.192,145.496,-0.4428102114130541
1771354918004,2026-02-17 19:01:58.004000,ETHUSDT,1997.2,1997.0,1996.9,1996.8,1996.7,0.4,63.578,20.358,4.513,15.118,1997.3,1997.4,1997.5,1997.6,1997.7,64.078,133.365,124.337,129.36,258.966,-0.744575732151785
1771354919005,2026-02-17 19:01:59.005000,ETHUSDT,1997.2,1997.1,1997.0,1996.9,1996.8,2.679,12.249,62.593,19.011,32.919,1997.3,1997.4,1997.5,1997.6,1997.7,65.058,100.82,237.258,133.172,266.763,-0.7223636546912565
1771354920011,2026-02-17 19:02:00.011000,ETHUSDT,1997.2,1997.1,1997.0,1996.9,1996.8,108.713,1.38,6.619,27.421,143.303,1997.3,1997.4,1997.5,1997.6,1997.7,36.817,136.04,45.26,99.783,175.749,-0.2640083985737788
1771354921016,2026-02-17 19:02:01.016000,ETHUSDT,1997.4,1997.3,1997.2,1997.1,1996.9,4.772,89.397,8.734,5.157,41.506,1997.5,1997.6,1997.7,1997.8,1997.9,53.121,101.22,193.017,144.234,136.19,-0.6151890787652377
1771354922020,2026-02-17 19:02:02.020000,ETHUSDT,1996.4,1996.3,1996.2,1996.0,1995.9,96.57,5.215,3.585,98.966,154.101,1996.5,1996.7,1996.8,1996.9,1997.0,2.514,3.949,153.932,165.638,173.145,-0.16410743748651782
1771354923023,2026-02-17 19:02:03.023000,ETHUSDT,1996.4,1996.3,1996.2,1996.1,1996.0,80.724,7.916,38.904,23.0,103.551,1996.5,1996.6,1996.7,1996.8,1996.9,19.493,120.859,12.888,131.237,160.271,-0.27281234841015783
1771354924028,2026-02-17 19:02:04.028000,ETHUSDT,1997.0,1996.9,1996.8,1996.7,1996.5,12.384,93.786,0.015,42.02,22.808,1997.1,1997.2,1997.3,1997.4,1997.5,151.278,39.201,107.081,190.852,167.858,-0.5865671118589406
1771354925033,2026-02-17 19:02:05.033000,ETHUSDT,1997.0,1996.9,1996.8,1996.7,1996.6,73.504,45.619,34.356,28.974,95.817,1997.1,1997.2,1997.3,1997.4,1997.5,4.718,25.035,106.845,154.902,50.59,-0.10287574956476893
1771354926035,2026-02-17 19:02:06.035000,ETHUSDT,1997.1,1997.0,1996.9,1996.8,1996.7,75.981,1.597,3.542,6.014,47.105,1997.2,1997.3,1997.4,1997.5,1997.6,20.363,103.295,31.653,174.989,1.177,-0.4235156189609119
1771354927039,2026-02-17 19:02:07.039000,ETHUSDT,1997.1,1997.0,1996.9,1996.8,1996.7,58.109,33.014,41.37,9.102,124.181,1997.2,1997.3,1997.4,1997.5,1997.6,116.562,87.617,106.655,115.67,209.3,-0.4104217041194348
1771354928043,2026-02-17 19:02:08.043000,ETHUSDT,1997.1,1996.9,1996.8,1996.7,1996.6,48.894,36.864,42.563,122.961,90.75,1997.2,1997.3,1997.4,1997.5,1997.6,108.001,91.109,103.105,115.67,284.408,-0.3449701960596559
1771354929049,2026-02-17 19:02:09.049000,ETHUSDT,1997.1,1997.0,1996.9,1996.8,1996.7,58.991,45.049,40.412,5.003,220.268,1997.2,1997.3,1997.4,1997.5,1997.6,2.513,25.033,137.107,7.845,284.408,-0.10546811205510581
1771354930053,2026-02-17 19:02:10.053000,ETHUSDT,1997.3,1997.2,1997.1,1997.0,1996.9,11.486,29.192,36.818,4.099,53.4,1997.4,1997.5,1997.6,1997.7,1997.8,83.699,7.436,129.51,17.654,292.826,-0.594682639764607
1771354931057,2026-02-17 19:02:11.057000,ETHUSDT,1997.3,1997.2,1997.1,1997.0,1996.9,98.459,10.058,36.818,13.953,113.481,1997.4,1997.6,1997.7,1997.8,1997.9,27.044,129.059,15.362,138.763,162.451,-0.2681743059207349
1771354932063,2026-02-17 19:02:12.063000,ETHUSDT,1997.6,1997.5,1997.4,1997.3,1997.2,54.334,10.188,70.47,39.565,12.028,1997.7,1997.9,1998.0,1998.1,1998.2,4.707,38.549,99.363,187.457,109.841,-0.4043594433856556
1771354933069,2026-02-17 19:02:13.069000,ETHUSDT,1997.8,1997.7,1997.6,1997.5,1997.4,93.922,15.985,43.174,8.551,14.914,1997.9,1998.0,1998.1,1998.2,1998.3,44.497,95.817,195.939,105.795,5.349,-0.4340957427200882
1771354934073,2026-02-17 19:02:14.073000,ETHUSDT,1997.8,1997.7,1997.6,1997.5,1997.4,103.022,15.985,42.833,23.324,0.2,1997.9,1998.0,1998.1,1998.2,1998.3,35.737,95.827,84.355,107.554,6.857,-0.2811085643812028
1771354935078,2026-02-17 19:02:15.078000,ETHUSDT,1997.8,1997.7,1997.6,1997.5,1997.4,109.028,15.985,36.826,23.324,0.2,1997.9,1998.0,1998.1,1998.2,1998.3,35.737,95.827,84.355,107.554,6.857,-0.2811110486277688
1771354936081,2026-02-17 19:02:16.081000,ETHUSDT,1997.8,1997.7,1997.6,1997.5,1997.4,110.724,15.985,36.826,23.324,0.2,1997.9,1998.0,1998.1,1998.2,1998.3,35.737,133.364,46.82,107.554,6.857,-0.276914364571475
1771354937087,2026-02-17 19:02:17.087000,ETHUSDT,1997.9,1997.8,1997.7,1997.6,1997.5,75.409,37.741,24.673,36.472,124.451,1998.0,1998.1,1998.2,1998.3,1998.4,18.027,120.84,10.411,76.575,185.247,-0.158279401447638
1771354938093,2026-02-17 19:02:18.093000,ETHUSDT,1997.8,1997.7,1997.6,1997.5,1997.4,27.306,46.135,37.983,7.734,17.603,1997.9,1998.0,1998.1,1998.2,1998.3,206.096,10.208,95.817,4.949,322.907,-0.6478580937201477
1771354939098,2026-02-17 19:02:19.098000,ETHUSDT,1997.9,1997.8,1997.7,1997.6,1997.5,88.232,41.091,41.673,16.302,110.647,1998.0,1998.1,1998.2,1998.3,1998.4,10.381,25.023,106.079,80.123,105.19,-0.0461807372975361
1771354940099,2026-02-17 19:02:20.099000,ETHUSDT,1997.8,1997.7,1997.6,1997.5,1997.4,66.513,1.378,8.992,59.649,138.512,1997.9,1998.0,1998.1,1998.2,1998.3,116.624,90.345,9.077,97.119,305.942,-0.3847929488419741
1771354941103,2026-02-17 19:02:21.103000,ETHUSDT,1997.8,1997.7,1997.6,1997.5,1997.4,28.291,37.697,12.395,52.756,17.486,1997.9,1998.0,1998.1,1998.2,1998.3,204.215,6.516,39.322,96.017,272.639,-0.6126197978976561
1771354942107,2026-02-17 19:02:22.107000,ETHUSDT,1998.0,1997.9,1997.8,1997.7,1997.6,14.4,90.255,15.829,19.754,32.923,1998.1,1998.2,1998.3,1998.4,1998.5,56.815,124.938,15.534,142.276,9.668,-0.3370457434263924
1771354943111,2026-02-17 19:02:23.111000,ETHUSDT,1997.9,1997.8,1997.7,1997.6,1997.5,2.279,0.25,30.308,32.923,115.65,1998.0,1998.1,1998.2,1998.3,1998.4,139.558,53.767,96.017,43.422,232.018,-0.5137712545832708
1771354944116,2026-02-17 19:02:24.116000,ETHUSDT,1997.9,1997.8,1997.7,1997.6,1997.5,2.279,30.737,50.102,32.923,19.833,1998.0,1998.1,1998.2,1998.3,1998.4,144.965,53.767,96.217,47.131,232.018,-0.6172412433166379
1771354945118,2026-02-17 19:02:25.118000,ETHUSDT,1997.9,1997.8,1997.7,1997.6,1997.5,2.377,68.26,8.858,32.923,35.05,1998.0,1998.1,1998.2,1998.3,1998.4,141.755,16.244,133.75,47.131,216.8,-0.5805491873688042
1771354946123,2026-02-17 19:02:26.123000,ETHUSDT,1997.9,1997.8,1997.7,1997.6,1997.5,86.602,0.111,8.858,33.37,130.77,1998.0,1998.1,1998.2,1998.3,1998.4,40.352,7.098,96.217,84.662,104.876,-0.1239534773897146
1771354947129,2026-02-17 19:02:27.129000,ETHUSDT,1998.1,1998.0,1997.9,1997.8,1997.7,86.817,41.636,40.575,24.32,102.912,1998.2,1998.4,1998.5,1998.6,1998.7,1.307,3.664,158.116,5.63,59.485,0.1297672662652394
1771354948135,2026-02-17 19:02:28.135000,ETHUSDT,1998.2,1998.1,1998.0,1997.9,1997.8,52.524,42.358,11.528,40.375,10.646,1998.3,1998.4,1998.5,1998.6,1998.7,116.461,90.385,170.871,115.401,36.503,-0.5417202773589189
1771354949141,2026-02-17 19:02:29.141000,ETHUSDT,1997.9,1997.8,1997.7,1997.6,1997.5,51.008,78.227,8.239,1.182,36.363,1998.0,1998.1,1998.3,1998.4,1998.5,116.997,87.782,117.672,140.437,133.343,-0.5461419773095624
1771354950146,2026-02-17 19:02:30.146000,ETHUSDT,1998.4,1998.2,1998.1,1998.0,1997.9,45.669,52.224,3.747,17.836,205.141,1998.5,1998.6,1998.7,1998.8,1998.9,11.584,123.185,49.522,142.762,148.544,-0.18867452956334185
1771354951152,2026-02-17 19:02:31.152000,ETHUSDT,1998.4,1998.3,1998.2,1998.1,1997.9,49.219,43.314,47.615,21.51,203.568,1998.5,1998.6,1998.7,1998.8,1998.9,20.34,95.817,12.731,170.976,36.82,0.040663332905928065
1771354952156,2026-02-17 19:02:32.156000,ETHUSDT,1998.4,1998.3,1998.2,1998.1,1998.0,52.046,43.314,47.475,117.327,111.924,1998.5,1998.6,1998.7,1998.8,1998.9,1.159,95.817,8.012,112.729,61.954,0.14179364395012253
1771354953161,2026-02-17 19:02:33.161000,ETHUSDT,1998.4,1998.3,1998.2,1998.1,1998.0,50.319,43.314,47.475,118.801,117.596,1998.5,1998.6,1998.7,1998.8,1998.9,2.378,95.817,8.012,110.268,61.954,0.15104568447435265
1771354954166,2026-02-17 19:02:34.166000,ETHUSDT,1998.6,1998.5,1998.4,1998.3,1998.2,104.758,5.771,15.878,3.546,56.452,1998.7,1998.8,1998.9,1999.0,1999.1,20.607,102.912,64.014,150.098,116.368,-0.41785185601589003
1771354955172,2026-02-17 19:02:35.172000,ETHUSDT,1998.6,1998.5,1998.4,1998.3,1998.2,81.2,81.682,16.659,115.321,115.474,1998.7,1998.8,1998.9,1999.0,1999.1,0.194,0.01,25.013,103.481,10.847,0.4924538218269043
1771354956174,2026-02-17 19:02:36.174000,ETHUSDT,1998.6,1998.5,1998.4,1998.3,1998.2,77.199,81.682,11.032,129.233,3.75,1998.7,1998.8,1998.9,1999.0,1999.1,2.73,95.827,84.083,100.31,116.266,-0.137186089968552
1771354957180,2026-02-17 19:02:37.180000,ETHUSDT,1998.7,1998.6,1998.5,1998.4,1998.3,87.43,56.695,32.924,27.593,102.211,1998.8,1999.0,1999.1,1999.2,1999.3,0.01,0.291,0.796,129.411,96.645,0.1492492593716175
1771354958185,2026-02-17 19:02:38.185000,ETHUSDT,1999.0,1998.9,1998.8,1998.7,1998.6,78.069,42.625,39.626,120.159,127.571,1999.1,1999.3,1999.4,1999.5,1999.6,1.3,9.544,128.674,104.121,37.972,0.18333500081924303
1771354959189,2026-02-17 19:02:39.189000,ETHUSDT,1999.0,1998.9,1998.8,1998.7,1998.6,118.282,51.507,9.535,161.446,162.577,1999.1,1999.4,1999.5,1999.6,1999.7,0.043,145.952,45.398,100.364,41.497,0.20331436371699288
1771354960193,2026-02-17 19:02:40.193000,ETHUSDT,1999.0,1998.9,1998.8,1998.7,1998.6,29.589,46.822,37.918,15.641,10.844,1999.1,1999.2,1999.3,1999.4,1999.5,108.96,7.147,96.017,3.542,24.025,-0.2598572949107108
1771354961199,2026-02-17 19:02:41.199000,ETHUSDT,1999.0,1998.9,1998.8,1998.7,1998.6,29.451,4.587,10.674,81.088,10.844,1999.1,1999.2,1999.3,1999.4,1999.5,70.872,7.147,142.499,37.248,20.783,-0.3417808103701172
1771354962205,2026-02-17 19:02:42.205000,ETHUSDT,1999.0,1998.9,1998.8,1998.7,1998.6,27.336,15.005,38.481,48.162,11.718,1999.1,1999.2,1999.3,1999.4,1999.5,45.661,7.149,100.183,74.759,20.583,-0.2766652015103962
1771354963208,2026-02-17 19:02:43.208000,ETHUSDT,1999.0,1998.9,1998.8,1998.7,1998.6,29.496,13.818,39.703,48.162,11.718,1999.1,1999.2,1999.3,1999.4,1999.5,20.65,25.01,107.27,36.831,58.092,-0.26860140754958417
1771354964213,2026-02-17 19:02:44.213000,ETHUSDT,1999.1,1999.0,1998.9,1998.8,1998.7,25.011,7.206,10.363,77.874,11.968,1999.3,1999.4,1999.5,1999.6,1999.7,0.516,199.373,115.485,100.518,156.889,-0.624442890912262
1771354965218,2026-02-17 19:02:45.218000,ETHUSDT,1998.7,1998.6,1998.5,1998.4,1998.3,40.979,37.572,3.672,43.994,30.739,1998.8,1998.9,1999.0,1999.1,1999.2,117.268,57.086,138.538,119.011,363.402,-0.6703508806934233
1771354966224,2026-02-17 19:02:46.224000,ETHUSDT,1999.1,1998.9,1998.7,1998.6,1998.5,0.858,0.858,293.452,38.38,104.202,1999.2,1999.4,1999.5,1999.7,1999.8,0.2,0.56,0.018,0.411,5.53,0.9697661704190844
1771354967227,2026-02-17 19:02:47.227000,ETHUSDT,1999.4,1999.3,1999.2,1999.1,1999.0,66.746,37.103,7.321,19.085,113.547,1999.5,1999.6,1999.7,1999.8,1999.9,19.227,171.562,9.406,98.49,13.843,-0.12353459277766797
1771354968233,2026-02-17 19:02:48.233000,ETHUSDT,1999.3,1999.2,1999.1,1999.0,1998.9,30.862,5.057,50.784,3.742,20.674,1999.4,1999.5,1999.6,1999.7,1999.8,117.077,98.109,95.817,8.896,317.061,-0.7029217502429556
1771354969236,2026-02-17 19:02:49.236000,ETHUSDT,1999.3,1999.2,1999.1,1999.0,1998.9,59.106,43.957,36.821,3.742,131.965,1999.4,1999.5,1999.6,1999.7,1999.8,5.06,0.418,95.817,80.402,243.156,-0.21309626465499026
1771354970241,2026-02-17 19:02:50.241000,ETHUSDT,1999.3,1999.2,1999.1,1999.0,1998.9,44.299,10.167,74.628,3.742,131.965,1999.4,1999.5,1999.6,1999.7,1999.8,19.813,25.424,95.817,55.399,243.156,-0.2481622918470777
1771354971246,2026-02-17 19:02:51.246000,ETHUSDT,1999.1,1999.0,1998.9,1998.8,1998.7,69.759,13.847,55.235,3.165,185.874,1999.2,1999.3,1999.4,1999.5,1999.6,115.185,88.805,100.643,7.661,209.228,-0.22797450441604805
1771354972257,2026-02-17 19:02:52.257000,ETHUSDT,1999.2,1999.1,1999.0,1998.9,1998.8,21.184,36.73,40.766,151.052,17.289,1999.3,1999.4,1999.5,1999.6,1999.7,4.288,95.82,70.695,96.95,126.262,-0.1921135913929044
1771354973266,2026-02-17 19:02:53.266000,ETHUSDT,1999.1,1999.0,1998.9,1998.8,1998.7,37.381,28.554,6.622,38.596,79.038,1999.2,1999.3,1999.4,1999.5,1999.6,114.953,5.928,103.105,131.747,97.104,-0.4084518870095859
1771354974271,2026-02-17 19:02:54.271000,ETHUSDT,1998.8,1998.7,1998.6,1998.5,1998.4,87.215,40.565,9.069,126.413,4.375,1998.9,1999.0,1999.1,1999.2,1999.3,10.789,8.753,88.733,95.817,121.238,-0.09729546500901397
1771354975274,2026-02-17 19:02:55.274000,ETHUSDT,1998.5,1998.4,1998.3,1998.2,1998.1,34.161,75.497,8.347,15.302,112.184,1998.6,1998.7,1998.8,1998.9,1999.0,115.867,88.731,101.697,115.668,95.817,-0.356739611487925
1771354976276,2026-02-17 19:02:56.276000,ETHUSDT,1998.5,1998.4,1998.3,1998.2,1998.1,44.187,50.512,38.127,11.203,126.06,1998.6,1998.7,1998.8,1998.9,1999.0,11.295,57.168,133.339,116.037,95.817,-0.20997155372251353
1771354977282,2026-02-17 19:02:57.282000,ETHUSDT,1998.5,1998.4,1998.3,1998.2,1998.1,50.438,50.904,45.214,26.626,111.683,1998.6,1998.7,1998.8,1998.9,1999.0,1.806,25.016,97.076,4.219,133.335,0.04285607074281051
1771354978292,2026-02-17 19:02:58.292000,ETHUSDT,1998.7,1998.6,1998.5,1998.4,1998.3,93.565,5.837,15.17,7.849,142.489,1998.8,1998.9,1999.0,1999.1,1999.2,45.57,4.219,98.666,161.53,153.046,-0.2721662882019284
1771354993888,2026-02-17 19:03:13.888000,ETHUSDT,1998.7,1998.6,1998.5,1998.4,1998.3,84.265,5.837,15.17,7.649,158.297,1998.8,1998.9,1999.0,1999.1,1999.2,45.69,4.099,136.184,124.014,153.046,-0.26123900410077755
1771354994892,2026-02-17 19:03:14.892000,ETHUSDT,1998.7,1998.6,1998.5,1998.4,1998.3,84.265,5.837,15.17,7.649,158.297,1998.8,1998.9,1999.0,1999.1,1999.2,45.69,4.099,136.184,124.014,153.046,-0.26123900410077755
1771354995897,2026-02-17 19:03:15.897000,ETHUSDT,1998.7,1998.6,1998.5,1998.4,1998.3,84.265,5.837,15.17,7.649,158.297,1998.8,1998.9,1999.0,1999.1,1999.2,45.69,4.099,136.184,124.014,153.046,-0.26123900410077755
1771354996901,2026-02-17 19:03:16.901000,ETHUSDT,1998.7,1998.6,1998.5,1998.4,1998.3,84.265,5.837,15.17,7.649,158.297,1998.8,1998.9,1999.0,1999.1,1999.2,45.69,4.099,136.184,124.014,153.046,-0.26123900410077755
1771354997905,2026-02-17 19:03:17.905000,ETHUSDT,1998.7,1998.6,1998.5,1998.4,1998.3,84.265,5.837,15.17,7.649,158.297,1998.8,1998.9,1999.0,1999.1,1999.2,45.69,4.099,136.184,124.014,153.046,-0.26123900410077755
1771354998911,2026-02-17 19:03:18.911000,ETHUSDT,1998.7,1998.6,1998.5,1998.4,1998.3,84.265,5.837,15.17,7.649,158.297,1998.8,1998.9,1999.0,1999.1,1999.2,45.69,4.099,136.184,124.014,153.046,-0.26123900410077755
1771354999914,2026-02-17 19:03:19.914000,ETHUSDT,1998.7,1998.6,1998.5,1998.4,1998.3,84.265,5.837,16.175,7.18,157.742,1998.8,1998.9,1999.0,1999.1,1999.2,45.69,4.099,98.666,161.53,153.046,-0.26126962940767884
1771355000916,2026-02-17 19:03:20.916000,ETHUSDT,1998.7,1998.6,1998.5,1998.4,1998.3,49.723,10.482,46.569,3.55,124.818,1998.8,1998.9,1999.0,1999.1,1999.2,53.823,6.915,133.535,124.014,139.08,-0.3208983565556548
1771355001918,2026-02-17 19:03:21.918000,ETHUSDT,1999.8,1999.7,1999.6,1999.5,1999.4,0.061,83.471,37.681,16.668,158.316,1999.9,2000.0,2000.1,2000.2,2000.3,0.4,25.206,44.703,100.85,49.697,0.14571233509910977
1771355002931,2026-02-17 19:03:22.931000,ETHUSDT,1999.7,1999.6,1999.5,1999.4,1999.3,52.326,10.033,82.771,179.686,34.754,1999.8,1999.9,2000.0,2000.1,2000.2,10.031,25.001,103.438,55.034,292.695,-0.14972055017386532
1771355003936,2026-02-17 19:03:23.936000,ETHUSDT,1999.7,1999.6,1999.5,1999.4,1999.3,92.422,10.033,45.262,179.686,34.754,1999.8,2000.0,2000.1,2000.2,2000.3,10.031,128.438,55.034,292.695,139.037,-0.26643724073113817
1771355004939,2026-02-17 19:03:24.939000,ETHUSDT,1999.2,1999.1,1999.0,1998.9,1998.8,33.168,12.646,76.572,12.831,5.434,1999.3,1999.4,1999.5,1999.6,1999.7,20.348,196.178,17.066,95.817,169.646,-0.5602636211009433
1771355005943,2026-02-17 19:03:25.943000,ETHUSDT,1999.9,1999.8,1999.7,1999.6,1999.5,69.354,133.474,56.45,116.387,125.525,2000.0,2000.2,2000.4,2000.5,2000.6,0.206,62.493,100.255,13.257,312.22,0.01289281452192294
1771355006947,2026-02-17 19:03:26.947000,ETHUSDT,1999.9,1999.8,1999.7,1999.6,1999.5,42.653,44.086,42.18,4.619,107.954,2000.0,2000.1,2000.2,2000.3,2000.4,19.948,95.817,26.412,43.041,121.911,-0.11963997003395785
1771355007950,2026-02-17 19:03:27.950000,ETHUSDT,1999.9,1999.8,1999.7,1999.6,1999.5,59.12,75.321,111.846,20.009,214.826,2000.0,2000.2,2000.3,2000.4,2000.5,0.206,0.158,0.843,130.629,19.234,0.5220755719781331
1771355008955,2026-02-17 19:03:28.955000,ETHUSDT,2000.3,2000.2,2000.1,2000.0,1999.9,87.041,37.496,138.208,24.84,103.98,2000.5,2000.6,2000.8,2000.9,2001.0,0.043,57.901,103.808,75.708,122.35,0.0422625187156879
1771355009960,2026-02-17 19:03:29.960000,ETHUSDT,2000.7,2000.6,2000.5,2000.4,2000.3,10.588,87.473,4.566,54.666,10.624,2000.8,2000.9,2001.0,2001.1,2001.2,124.082,66.753,151.69,65.57,160.786,-0.5441980027090192
1771355010966,2026-02-17 19:03:30.966000,ETHUSDT,2000.7,2000.6,2000.5,2000.4,2000.3,2.385,65.14,8.802,23.195,17.518,2000.8,2000.9,2001.0,2001.1,2001.2,167.052,48.654,119.203,124.16,143.653,-0.6747813860692841
1771355011971,2026-02-17 19:03:31.971000,ETHUSDT,2000.9,2000.8,2000.7,2000.6,2000.5,206.69,38.584,144.867,170.633,183.754,2001.0,2001.3,2001.4,2001.5,2001.6,3.465,95.938,68.435,112.59,44.313,0.3925925094620718
1771355012973,2026-02-17 19:03:32.973000,ETHUSDT,2001.2,2001.1,2001.0,2000.9,2000.7,66.494,38.549,38.945,118.046,126.609,2001.3,2001.4,2001.5,2001.6,2001.7,106.807,62.649,112.59,50.191,136.02,-0.09290932430855418
1771355013979,2026-02-17 19:03:33.979000,ETHUSDT,2001.2,2001.1,2001.0,2000.9,2000.7,67.394,8.843,34.046,18.44,121.679,2001.3,2001.4,2001.5,2001.6,2001.7,115.551,30.753,150.806,170.461,239.351,-0.4768709444242492
1771355014985,2026-02-17 19:03:34.985000,ETHUSDT,2001.2,2001.1,2001.0,2000.9,2000.8,90.483,4.439,33.117,13.437,95.817,2001.3,2001.4,2001.5,2001.6,2001.7,35.973,0.194,156.301,58.537,164.243,-0.27271083349551983
1771355015990,2026-02-17 19:03:35.990000,ETHUSDT,2001.2,2001.1,2001.0,2000.9,2000.8,85.038,9.77,33.117,13.437,100.82,2001.3,2001.4,2001.5,2001.6,2001.7,44.717,0.194,118.83,96.007,164.243,-0.27291559399735504
1771355016993,2026-02-17 19:03:36.993000,ETHUSDT,2001.3,2001.2,2001.1,2001.0,2000.9,8.754,28.835,8.091,85.992,13.283,2001.4,2001.5,2001.6,2001.7,2001.8,20.13,176.945,46.422,135.96,204.056,-0.6020278172822966
1771355017996,2026-02-17 19:03:37.996000,ETHUSDT,2000.6,2000.5,2000.4,2000.3,2000.2,33.186,40.256,38.519,5.435,11.653,2000.7,2000.8,2000.9,2001.0,2001.1,107.354,87.465,108.303,23.471,99.557,-0.535125243381202
1771355018999,2026-02-17 19:03:38.999000,ETHUSDT,2000.4,2000.3,2000.2,2000.1,2000.0,48.535,10.556,20.383,108.532,117.355,2000.5,2000.7,2000.8,2000.9,2001.0,4.951,119.599,37.485,115.14,41.98,-0.02208750456353406
1771355020001,2026-02-17 19:03:40.001000,ETHUSDT,2000.4,2000.3,2000.2,2000.1,2000.0,95.309,13.851,43.118,108.732,117.355,2000.5,2000.7,2000.8,2000.9,2001.0,3.946,104.76,63.341,163.182,119.173,-0.09130645186468721
1771355021007,2026-02-17 19:03:41.007000,ETHUSDT,2000.4,2000.3,2000.2,2000.1,2000.0,45.591,12.623,76.241,12.715,5.431,2000.5,2000.6,2000.7,2000.8,2000.9,11.195,24.992,110.222,70.392,125.699,-0.38355608249629874
1771355022009,2026-02-17 19:03:42.009000,ETHUSDT,2000.4,2000.3,2000.2,2000.1,2000.0,45.641,13.532,37.811,50.213,5.431,2000.5,2000.6,2000.7,2000.8,2000.9,11.195,30.497,105.205,70.878,125.699,-0.38469105143700283
1771355023012,2026-02-17 19:03:43.012000,ETHUSDT,2000.1,2000.0,1999.9,1999.8,1999.7,31.379,7.648,37.479,44.905,111.227,2000.2,2000.3,2000.4,2000.5,2000.6,20.668,184.947,8.116,112.851,161.111,-0.3540802769837755
1771355024015,2026-02-17 19:03:44.015000,ETHUSDT,1999.7,1999.5,1999.4,1999.3,1999.2,7.618,69.901,28.293,145.59,9.759,1999.8,1999.9,2000.0,2000.1,2000.2,20.753,188.639,5.708,118.269,38.369,-0.1747150809212845
1771355025016,2026-02-17 19:03:45.016000,ETHUSDT,1999.5,1999.3,1999.1,1999.0,1998.9,0.015,0.2,25.054,41.617,14.468,1999.6,1999.7,1999.8,1999.9,2000.0,86.788,152.292,225.495,205.268,10.77,-0.7864631932878982
1771355026017,2026-02-17 19:03:46.017000,ETHUSDT,1999.7,1999.4,1999.3,1999.2,1999.1,2.553,32.252,53.521,138.237,127.589,1999.8,1999.9,2000.0,2000.1,2000.2,181.956,47.78,125.344,75.108,80.617,-0.18111073729676738
1771355027023,2026-02-17 19:03:47.023000,ETHUSDT,1999.2,1999.1,1999.0,1998.9,1998.8,8.158,25.054,73.595,10.764,8.965,1999.3,1999.4,1999.5,1999.6,1999.7,20.67,87.526,2.702,155.234,85.821,-0.47110173901594393
1771355028026,2026-02-17 19:03:48.026000,ETHUSDT,1999.2,1999.1,1999.0,1998.9,1998.8,53.559,43.786,33.063,103.095,120.372,1999.3,1999.4,1999.5,1999.6,1999.7,4.487,87.526,2.702,143.59,100.453,0.02182541114847251
1771355029029,2026-02-17 19:03:49.029000,ETHUSDT,1999.2,1999.1,1999.0,1998.9,1998.8,52.631,37.894,5.22,136.007,120.372,1999.3,1999.4,1999.5,1999.6,1999.7,5.362,87.526,2.702,143.59,100.453,0.018056918831323692
1771355030035,2026-02-17 19:03:50.035000,ETHUSDT,1999.2,1999.1,1999.0,1998.9,1998.8,19.095,31.087,38.639,136.007,120.372,1999.3,1999.4,1999.5,1999.6,1999.7,20.117,87.526,2.702,157.537,85.821,-0.012166209044745817
1771355031040,2026-02-17 19:03:51.040000,ETHUSDT,1999.2,1999.1,1999.0,1998.9,1998.8,54.498,41.521,11.443,137.128,120.372,1999.3,1999.4,1999.6,1999.7,1999.8,1.669,87.526,143.59,85.943,196.063,-0.17030802964013758
1771355032045,2026-02-17 19:03:52.045000,ETHUSDT,1999.6,1999.5,1999.4,1999.3,1999.2,102.933,8.166,5.003,110.158,44.174,1999.7,1999.8,1999.9,2000.0,2000.1,26.761,5.306,34.259,150.35,0.154,0.11001017928679317
1771355033051,2026-02-17 19:03:53.051000,ETHUSDT,1999.6,1999.5,1999.4,1999.3,1999.2,55.487,0.154,4.092,143.946,11.259,1999.7,1999.8,1999.9,2000.0,2000.1,44.752,139.972,37.918,113.43,128.039,-0.36694406441950433
1771355034053,2026-02-17 19:03:54.053000,ETHUSDT,1999.6,1999.5,1999.4,1999.3,1999.2,28.057,0.154,5.338,81.752,11.259,1999.7,1999.8,1999.9,2000.0,2000.1,58.408,140.533,41.451,125.309,128.039,-0.5919393841689504
1771355035058,2026-02-17 19:03:55.058000,ETHUSDT,1999.6,1999.5,1999.4,1999.3,1999.2,39.464,1.205,4.299,81.045,11.259,1999.7,1999.8,1999.9,2000.0,2000.1,19.749,129.477,41.451,162.809,16.115,-0.45835741891953213
1771355036064,2026-02-17 19:03:56.064000,ETHUSDT,1999.6,1999.5,1999.4,1999.3,1999.2,38.97,0.214,5.35,81.983,11.259,1999.7,1999.8,1999.9,2000.0,2000.1,44.952,104.888,41.451,162.809,128.039,-0.5555003508545526
1771355037067,2026-02-17 19:03:57.067000,ETHUSDT,1999.6,1999.5,1999.4,1999.3,1999.2,45.112,5.735,37.711,144.352,137.222,1999.7,1999.8,1999.9,2000.0,2000.1,35.343,1.907,38.663,162.809,21.118,0.17507444775323353
1771355038071,2026-02-17 19:03:58.071000,ETHUSDT,1999.6,1999.5,1999.4,1999.3,1999.2,27.284,0.289,6.576,87.026,11.259,1999.7,1999.8,1999.9,2000.0,2000.1,59.916,135.667,36.448,125.309,133.042,-0.5747251194574322
1771355039077,2026-02-17 19:03:59.077000,ETHUSDT,1999.6,1999.5,1999.4,1999.3,1999.2,29.446,0.154,7.627,86.051,11.259,1999.7,1999.8,1999.9,2000.0,2000.1,85.322,98.164,36.448,140.664,117.081,-0.5604917218759391
1771355040078,2026-02-17 19:04:00.078000,ETHUSDT,1999.6,1999.5,1999.4,1999.3,1999.2,59.687,37.999,0.804,144.555,138.765,1999.7,1999.8,1999.9,2000.0,2000.1,0.179,1.907,36.248,151.768,44.189,0.23943963733219067
1771355041081,2026-02-17 19:04:01.081000,ETHUSDT,1999.9,1999.8,1999.7,1999.6,1999.5,111.94,1.012,96.017,128.675,95.817,2000.0,2000.1,2000.2,2000.3,2000.4,25.853,0.24,96.425,86.037,160.274,0.08055939872116069
1771355042086,2026-02-17 19:04:02.086000,ETHUSDT,2000.2,2000.1,2000.0,1999.9,1999.8,11.253,94.304,3.272,11.187,2.551,2000.3,2000.4,2000.5,2000.6,2000.7,197.915,56.347,163.601,78.228,327.375,-0.7408821890991117
1771355043090,2026-02-17 19:04:03.090000,ETHUSDT,2000.2,2000.1,2000.0,1999.9,1999.8,123.947,6.331,33.074,120.585,134.159,2000.3,2000.4,2000.5,2000.6,2000.7,0.574,95.817,68.526,12.281,187.339,0.06843437473247355
1771355044094,2026-02-17 19:04:04.094000,ETHUSDT,2001.0,2000.9,2000.8,2000.7,2000.6,79.727,47.004,40.841,110.918,128.993,2001.1,2001.3,2001.4,2001.5,2001.6,0.409,10.626,166.112,3.693,154.11,0.09769635778582035
1771355045099,2026-02-17 19:04:05.099000,ETHUSDT,2001.1,2000.9,2000.8,2000.7,2000.6,27.29,9.321,33.96,48.645,5.003,2001.2,2001.3,2001.4,2001.5,2001.6,215.01,14.998,152.623,10.818,221.244,-0.6637786366982806
1771355046118,2026-02-17 19:04:06.118000,ETHUSDT,2000.5,2000.3,2000.2,2000.1,2000.0,28.762,46.617,16.599,41.624,7.551,2000.6,2000.8,2000.9,2001.0,2001.1,203.768,133.738,148.957,95.971,121.833,-0.6660760332142603
1771355047123,2026-02-17 19:04:07.123000,ETHUSDT,2000.5,2000.4,2000.3,2000.2,2000.1,56.831,37.492,5.172,29.595,139.115,2000.6,2000.7,2000.8,2000.9,2001.0,0.978,168.162,37.921,22.548,96.721,-0.09776548058566778
1771355048128,2026-02-17 19:04:08.128000,ETHUSDT,2000.7,2000.6,2000.5,2000.4,2000.3,107.313,2.51,6.377,38.761,102.164,2000.8,2000.9,2001.0,2001.1,2001.2,35.83,111.175,74.428,9.992,137.111,-0.17806927393588534
1771355049133,2026-02-17 19:04:09.133000,ETHUSDT,2000.7,2000.6,2000.5,2000.4,2000.3,69.817,11.132,43.867,38.116,102.164,2000.8,2000.9,2001.0,2001.1,2001.2,45.07,112.286,35.668,47.471,137.111,-0.1750578028386406
1771355050138,2026-02-17 19:04:10.138000,ETHUSDT,2000.7,2000.6,2000.5,2000.4,2000.3,115.049,3.904,12.025,38.116,228.643,2000.8,2000.9,2001.0,2001.1,2001.2,2.358,5.306,130.581,33.982,150.626,0.10392039856228927
1771355051141,2026-02-17 19:04:11.141000,ETHUSDT,2000.9,2000.8,2000.7,2000.6,2000.5,20.31,88.413,1.431,7.653,134.688,2001.0,2001.1,2001.2,2001.3,2001.4,19.961,28.475,141.972,54.408,100.757,-0.15563113224583164
1771355052146,2026-02-17 19:04:12.146000,ETHUSDT,2000.9,2000.8,2000.7,2000.6,2000.5,23.212,88.578,0.618,4.253,135.656,2001.0,2001.1,2001.2,2001.3,2001.4,45.065,3.489,142.104,54.408,103.498,-0.16017647421036776
1771355053152,2026-02-17 19:04:13.152000,ETHUSDT,2000.8,2000.7,2000.6,2000.5,2000.4,52.259,1.101,41.741,56.752,8.009,2000.9,2001.0,2001.1,2001.2,2001.3,158.354,42.884,111.924,219.048,215.007,-0.6475235343338341
1771355054154,2026-02-17 19:04:14.154000,ETHUSDT,2000.4,2000.3,2000.2,2000.1,2000.0,88.793,37.008,20.018,124.19,154.304,2000.5,2000.6,2000.7,2000.8,2000.9,2.197,97.009,88.555,5.397,111.421,0.16426850617101021
1771355055160,2026-02-17 19:04:15.160000,ETHUSDT,2000.5,2000.4,2000.3,2000.2,2000.1,33.096,44.428,166.219,30.181,103.536,2000.6,2000.7,2000.8,2000.9,2001.0,0.25,50.182,0.1,154.578,38.112,0.21627500072500888
1771355056163,2026-02-17 19:04:16.163000,ETHUSDT,2000.5,2000.4,2000.3,2000.2,2000.1,82.206,52.824,128.925,30.181,103.336,2000.6,2000.7,2000.8,2000.9,2001.0,0.602,50.182,0.1,154.578,37.912,0.24046026658510788
1771355057169,2026-02-17 19:04:17.169000,ETHUSDT,2000.6,2000.5,2000.4,2000.3,2000.2,112.442,9.496,15.603,145.952,127.843,2000.7,2000.9,2001.0,2001.1,2001.2,26.298,11.18,133.729,155.98,352.091,-0.24567995642821383
1771355058175,2026-02-17 19:04:18.175000,ETHUSDT,2000.6,2000.5,2000.4,2000.3,2000.2,115.539,8.971,15.603,144.805,127.843,2000.7,2000.9,2001.0,2001.1,2001.2,0.406,36.168,133.729,155.98,352.091,-0.24342817341575515
1771355059177,2026-02-17 19:04:19.177000,ETHUSDT,2000.6,2000.5,2000.4,2000.3,2000.2,111.833,8.683,15.603,144.802,127.843,2000.7,2000.9,2001.0,2001.1,2001.2,26.501,11.18,133.729,155.98,352.091,-0.24876475426029984
1771355060180,2026-02-17 19:04:20.180000,ETHUSDT,2000.6,2000.5,2000.4,2000.3,2000.2,111.65,8.683,15.803,144.824,127.843,2000.7,2000.9,2001.0,2001.1,2001.2,26.854,11.18,171.21,118.501,352.091,-0.2489649920680776
1771355061185,2026-02-17 19:04:21.185000,ETHUSDT,2000.6,2000.5,2000.4,2000.3,2000.2,29.443,14.471,1.541,37.494,54.184,2000.7,2000.8,2000.9,2001.0,2001.1,96.734,96.775,16.052,182.74,118.501,-0.5767075401081899
1771355062188,2026-02-17 19:04:22.188000,ETHUSDT,2000.6,2000.5,2000.4,2000.2,2000.1,29.443,15.83,37.646,54.184,24.442,2000.7,2000.8,2000.9,2001.0,2001.1,96.734,96.775,15.815,182.74,119.347,-0.5198943170132966
1771355063192,2026-02-17 19:04:23.192000,ETHUSDT,2000.6,2000.5,2000.4,2000.3,2000.2,20.138,46.199,138.857,54.166,111.736,2000.7,2000.8,2000.9,2001.0,2001.1,4.843,63.527,10.621,133.837,7.623,0.25466277404838505
1771355064195,2026-02-17 19:04:24.195000,ETHUSDT,2000.6,2000.5,2000.4,2000.3,2000.2,92.278,13.984,38.237,3.683,127.021,2000.7,2000.8,2000.9,2001.0,2001.1,36.326,6.475,16.933,171.4,118.229,-0.11873845198105568
1771355065201,2026-02-17 19:04:25.201000,ETHUSDT,2000.3,2000.2,2000.1,2000.0,1999.9,54.254,43.387,33.059,1.187,29.681,2000.4,2000.5,2000.6,2000.7,2000.8,20.412,24.993,148.828,41.267,228.393,-0.48336347110371397
1771355066206,2026-02-17 19:04:26.206000,ETHUSDT,2000.3,2000.2,2000.1,2000.0,1999.9,92.974,2.365,33.105,1.387,29.681,2000.4,2000.5,2000.6,2000.7,2000.8,20.412,24.993,150.777,40.157,234.436,-0.4938432809180579
1771355067208,2026-02-17 19:04:27.208000,ETHUSDT,2000.3,2000.2,2000.1,2000.0,1999.9,44.253,44.528,33.259,5.486,29.481,2000.4,2000.5,2000.6,2000.7,2000.8,45.207,44.289,106.735,40.154,234.436,-0.4998407207069453
1771355068213,2026-02-17 19:04:28.213000,ETHUSDT,2000.3,2000.2,2000.1,2000.0,1999.9,35.388,9.485,39.53,39.41,29.481,2000.4,2000.5,2000.6,2000.7,2000.8,45.207,6.849,149.226,40.154,234.436,-0.5127072982328988
1771355069218,2026-02-17 19:04:29.218000,ETHUSDT,2000.3,2000.2,2000.1,2000.0,1999.9,35.306,3.416,7.259,76.91,29.481,2000.4,2000.5,2000.6,2000.7,2000.8,45.207,41.589,113.6,40.154,234.436,-0.5142422667759079
1771355070222,2026-02-17 19:04:30.222000,ETHUSDT,2000.3,2000.2,2000.1,2000.0,1999.9,35.306,2.278,7.259,78.237,29.481,2000.4,2000.5,2000.6,2000.7,2000.8,45.207,41.589,113.6,40.154,234.436,-0.5137862184027651
1771355071228,2026-02-17 19:04:31.228000,ETHUSDT,2000.8,2000.7,2000.6,2000.5,2000.4,117.516,0.753,6.162,32.944,111.148,2000.9,2001.0,2001.1,2001.2,2001.3,5.002,33.979,29.995,193.371,47.588,-0.07159033153660244
1771355072233,2026-02-17 19:04:32.233000,ETHUSDT,2000.8,2000.7,2000.6,2000.5,2000.4,114.111,8.181,36.176,29.607,111.148,2000.9,2001.1,2001.2,2001.3,2001.4,4.826,31.388,117.234,89.757,225.949,-0.2211557607788885
1771355073238,2026-02-17 19:04:33.238000,ETHUSDT,2001.0,2000.9,2000.8,2000.7,2000.6,114.889,1.968,112.883,14.147,143.808,2001.1,2001.3,2001.4,2001.5,2001.6,3.834,62.881,104.614,52.321,240.694,-0.0899594971591676
1771355074240,2026-02-17 19:04:34.240000,ETHUSDT,2001.0,2000.9,2000.8,2000.7,2000.5,2.279,32.074,48.45,37.597,32.856,2001.1,2001.2,2001.3,2001.4,2001.5,88.931,133.294,38.711,237.75,22.447,-0.5454967385292465
1771355075243,2026-02-17 19:04:35.243000,ETHUSDT,2001.0,2000.8,2000.7,2000.6,2000.5,125.407,5.86,43.698,95.817,138.679,2001.1,2001.3,2001.4,2001.5,2001.6,28.771,134.465,54.021,124.34,159.388,-0.10052655511694268
1771355076246,2026-02-17 19:04:36.246000,ETHUSDT,2001.0,2000.9,2000.8,2000.7,2000.6,126.804,0.216,101.477,43.698,111.692,2001.1,2001.2,2001.3,2001.4,2001.5,0.573,24.985,38.648,19.585,161.811,0.21967818341543696
1771355077248,2026-02-17 19:04:37.248000,ETHUSDT,2000.8,2000.7,2000.6,2000.5,2000.4,96.911,42.237,0.2,40.524,151.517,2000.9,2001.0,2001.1,2001.2,2001.3,9.012,95.817,75.214,11.831,130.598,0.013637455055432316
1771355078253,2026-02-17 19:04:38.253000,ETHUSDT,2000.8,2000.7,2000.6,2000.5,2000.4,91.922,42.237,0.2,26.755,141.901,2000.9,2001.0,2001.1,2001.2,2001.3,19.027,183.473,5.176,10.308,205.706,-0.1660577538340867
1771355079255,2026-02-17 19:04:39.255000,ETHUSDT,2000.6,2000.5,2000.4,2000.3,2000.2,54.446,2.165,10.013,76.801,15.503,2000.7,2000.8,2000.9,2001.1,2001.2,202.032,5.612,111.43,163.806,95.817,-0.5690818505338079
1771355080259,2026-02-17 19:04:40.259000,ETHUSDT,2000.5,2000.4,2000.3,2000.2,2000.1,55.487,5.77,71.62,101.123,12.883,2000.6,2000.7,2000.8,2000.9,2001.0,19.943,77.221,96.017,36.485,98.102,-0.1407549973810191
1771355081262,2026-02-17 19:04:41.262000,ETHUSDT,2000.5,2000.4,2000.3,2000.2,2000.1,107.178,39.694,0.354,101.123,12.883,2000.6,2000.7,2000.8,2000.9,2001.0,19.743,27.633,96.017,73.968,98.102,-0.09403757618845307
1771355082266,2026-02-17 19:04:42.266000,ETHUSDT,2000.5,2000.4,2000.3,2000.2,2000.1,14.154,39.206,25.35,6.327,50.181,2000.6,2000.7,2000.8,2000.9,2001.0,19.943,27.861,133.502,148.409,98.102,-0.5196817249371708
1771355083269,2026-02-17 19:04:43.269000,ETHUSDT,2000.5,2000.4,2000.3,2000.2,2000.1,14.104,39.206,25.35,6.327,50.181,2000.6,2000.7,2000.8,2000.9,2001.0,19.943,27.861,133.502,148.409,98.102,-0.5198166913860938
1771355084272,2026-02-17 19:04:44.272000,ETHUSDT,2000.5,2000.4,2000.3,2000.2,2000.1,5.032,59.214,4.453,44.638,12.683,2000.6,2000.7,2000.8,2000.9,2001.0,82.423,2.87,96.017,153.217,173.21,-0.6023081401862229
1771355085277,2026-02-17 19:04:45.277000,ETHUSDT,2000.8,2000.7,2000.6,2000.5,2000.4,116.011,38.919,13.448,116.891,5.304,2000.9,2001.0,2001.1,2001.2,2001.3,29.722,0.117,5.305,63.35,111.45,0.16109143145987043
1771355086280,2026-02-17 19:04:46.280000,ETHUSDT,2000.8,2000.7,2000.6,2000.5,2000.4,116.923,38.919,13.402,116.737,5.304,2000.9,2001.0,2001.1,2001.2,2001.3,28.993,0.117,111.885,53.096,243.88,-0.20114472832585545
1771355087285,2026-02-17 19:04:47.285000,ETHUSDT,2000.8,2000.7,2000.6,2000.5,2000.4,115.229,38.919,13.402,116.737,5.304,2000.9,2001.0,2001.1,2001.2,2001.3,29.868,0.117,111.638,53.096,276.784,-0.23901384060313188
1771355088291,2026-02-17 19:04:48.291000,ETHUSDT,2000.8,2000.7,2000.6,2000.5,2000.4,114.118,38.919,13.402,116.737,5.304,2000.9,2001.1,2001.2,2001.3,2001.4,29.988,107.227,57.195,276.784,245.961,-0.4262729519159537
1771355089292,2026-02-17 19:04:49.292000,ETHUSDT,2000.1,2000.0,1999.9,1999.8,1999.7,89.908,45.625,11.712,5.192,153.948,2000.2,2000.4,2000.5,2000.6,2000.7,2.87,24.995,134.298,17.732,159.313,-0.050841629323737994
1771355090298,2026-02-17 19:04:50.298000,ETHUSDT,2000.4,2000.3,2000.2,2000.1,2000.0,22.14,88.796,101.322,55.453,22.437,2000.5,2000.6,2000.7,2000.8,2000.9,9.256,96.02,67.563,8.412,316.343,-0.2633425664748103
1771355091305,2026-02-17 19:04:51.305000,ETHUSDT,2000.4,2000.3,2000.2,2000.1,2000.0,110.736,13.908,101.122,53.794,24.703,2000.5,2000.7,2000.8,2000.9,2001.0,1.789,128.72,40.722,149.845,128.496,-0.19275968879131378
1771355092307,2026-02-17 19:04:52.307000,ETHUSDT,2000.4,2000.3,2000.2,2000.1,2000.0,55.282,15.098,75.905,16.2,14.999,2000.5,2000.6,2000.7,2000.8,2000.9,107.425,6.208,100.358,119.099,212.547,-0.509116731501367
1771355093309,2026-02-17 19:04:53.309000,ETHUSDT,2000.4,2000.3,2000.2,2000.1,2000.0,55.282,15.098,75.905,16.2,14.999,2000.5,2000.6,2000.7,2000.8,2000.9,107.425,6.208,100.358,119.099,212.547,-0.509116731501367
1771355094315,2026-02-17 19:04:54.315000,ETHUSDT,2000.4,2000.3,2000.2,2000.1,2000.0,30.285,43.891,47.118,16.2,14.999,2000.5,2000.6,2000.7,2000.8,2000.9,107.425,6.208,100.358,119.099,212.545,-0.5631374189260423
1771355095321,2026-02-17 19:04:55.321000,ETHUSDT,2000.4,2000.3,2000.2,2000.1,2000.0,25.568,33.229,8.279,19.464,52.499,2000.5,2000.6,2000.7,2000.8,2000.9,107.425,15.706,107.014,134.933,186.715,-0.5974737707575793
1771355096322,2026-02-17 19:04:56.322000,ETHUSDT,2000.2,2000.1,2000.0,1999.9,1999.8,26.216,66.268,21.959,143.932,16.216,2000.3,2000.4,2000.5,2000.6,2000.7,5.325,106.467,93.429,5.308,149.802,-0.13504020966354924
1771355097324,2026-02-17 19:04:57.324000,ETHUSDT,2000.3,2000.2,2000.1,2000.0,1999.9,76.067,59.692,32.905,10.308,121.354,2000.4,2000.5,2000.6,2000.7,2000.8,1.612,62.483,5.426,139.738,125.117,-0.05364722342138526
1771355098326,2026-02-17 19:04:58.326000,ETHUSDT,2000.3,2000.2,2000.1,2000.0,1999.9,76.067,59.692,33.059,10.308,121.354,2000.4,2000.5,2000.6,2000.7,2000.8,1.662,24.993,11.314,134.321,162.136,-0.05346618239550426
1771355099328,2026-02-17 19:04:59.328000,ETHUSDT,2000.5,2000.4,2000.3,2000.2,2000.1,8.317,100.529,12.523,7.342,128.722,2000.6,2000.7,2000.8,2000.9,2001.0,66.353,133.967,56.089,127.66,1.627,-0.1994358830032544
1771355100329,2026-02-17 19:05:00.329000,ETHUSDT,2000.3,2000.2,2000.1,2000.0,1999.9,46.557,11.867,35.146,63.934,106.431,2000.4,2000.5,2000.6,2000.7,2000.8,3.816,183.471,24.242,136.316,12.337,-0.15421307222844438
1771355101331,2026-02-17 19:05:01.331000,ETHUSDT,2000.3,2000.2,2000.1,2000.0,1999.9,53.294,51.581,128.722,143.267,106.431,2000.4,2000.5,2000.6,2000.7,2000.8,0.356,0.177,6.382,30.436,17.551,0.7959780526461501
1771355102337,2026-02-17 19:05:02.337000,ETHUSDT,2000.5,2000.1,2000.0,1999.9,1999.8,0.226,36.036,56.305,23.411,23.474,2000.6,2000.7,2000.8,2000.9,2001.0,182.732,59.062,116.927,257.8,148.477,-0.6916313781856377
1771355103343,2026-02-17 19:05:03.343000,ETHUSDT,1999.5,1999.4,1999.3,1999.2,1999.1,27.63,5.148,75.88,10.661,1.934,1999.6,1999.7,1999.8,1999.9,2000.0,178.272,0.918,106.949,283.61,101.278,-0.6939137678598477
1771355104346,2026-02-17 19:05:04.346000,ETHUSDT,1999.5,1999.4,1999.3,1999.2,1999.1,29.871,5.148,75.897,10.661,1.934,1999.6,1999.7,1999.8,1999.9,2000.0,140.765,38.826,106.949,300.355,102.765,-0.6962237954870502
1771355105352,2026-02-17 19:05:05.352000,ETHUSDT,1999.5,1999.4,1999.3,1999.2,1999.1,80.43,1.049,38.584,10.402,1.934,1999.6,1999.7,1999.8,1999.9,2000.0,140.565,1.321,144.452,300.355,102.765,-0.6778052629593713
1771355106358,2026-02-17 19:05:06.358000,ETHUSDT,1999.8,1999.7,1999.6,1999.5,1999.4,13.843,26.013,44.613,46.611,96.017,1999.9,2000.0,2000.1,2000.2,2000.3,73.174,97.126,44.144,106.329,127.667,-0.32765488788919045
1771355107364,2026-02-17 19:05:07.364000,ETHUSDT,1999.6,1999.5,1999.4,1999.3,1999.2,89.132,39.205,5.418,26.646,140.841,1999.7,1999.8,1999.9,2000.0,2000.1,3.925,87.911,8.631,101.126,119.252,-0.03151166958962333
1771355108365,2026-02-17 19:05:08.365000,ETHUSDT,1999.8,1999.7,1999.6,1999.4,1999.3,5.614,82.164,76.122,115.631,133.789,1999.9,2000.0,2000.1,2000.2,2000.3,1.267,0.952,71.037,155.564,2.329,0.2826683672915221
1771355109371,2026-02-17 19:05:09.371000,ETHUSDT,1999.9,1999.8,1999.7,1999.6,1999.5,110.158,8.944,5.362,134.232,136.156,2000.0,2000.1,2000.2,2000.3,2000.4,10.023,1.895,114.417,6.486,229.11,0.0435012414390915
1771355110376,2026-02-17 19:05:10.376000,ETHUSDT,1999.9,1999.8,1999.7,1999.6,1999.5,72.657,46.356,5.362,140.587,136.156,2000.0,2000.1,2000.2,2000.3,2000.4,7.485,64.794,114.845,6.605,221.61,-0.017417941177551303
1771355111381,2026-02-17 19:05:11.381000,ETHUSDT,2000.5,2000.4,2000.2,2000.1,2000.0,0.2,25.195,8.465,44.873,116.47,2000.6,2000.7,2000.8,2000.9,2001.0,163.793,50.092,143.451,20.615,288.229,-0.546768394546909
1771355112386,2026-02-17 19:05:12.386000,ETHUSDT,2000.4,2000.3,2000.2,2000.1,2000.0,66.12,48.004,128.73,134.766,191.64,2000.5,2000.7,2000.8,2000.9,2001.0,0.002,24.991,0.319,16.282,138.699,0.5189319501089316
1771355113392,2026-02-17 19:05:13.392000,ETHUSDT,2000.4,2000.3,2000.2,2000.1,2000.0,135.416,14.049,95.817,23.951,232.436,2000.5,2000.7,2000.8,2000.9,2001.0,1.423,62.477,100.613,14.335,184.971,0.15927430536298592
1771355114395,2026-02-17 19:05:14.395000,ETHUSDT,2000.4,2000.3,2000.2,2000.1,2000.0,97.924,51.543,95.817,135.875,232.436,2000.5,2000.8,2000.9,2001.0,2001.1,0.002,96.818,38.735,151.443,281.498,0.038151885091756835
1771355115401,2026-02-17 19:05:15.401000,ETHUSDT,2000.4,2000.3,2000.2,2000.1,2000.0,107.97,55.631,95.817,134.766,232.435,2000.5,2000.8,2000.9,2001.0,2001.1,0.002,96.818,42.834,147.344,281.498,0.04863381348238449
1771355116407,2026-02-17 19:05:16.407000,ETHUSDT,2000.4,2000.3,2000.2,2000.1,2000.0,109.689,54.714,95.817,134.766,232.435,2000.5,2000.8,2000.9,2001.0,2001.1,0.002,0.801,26.958,14.092,116.851,0.5962372396247416
1771355117410,2026-02-17 19:05:17.410000,ETHUSDT,2000.4,2000.3,2000.2,2000.1,2000.0,84.898,54.384,95.817,24.969,110.767,2000.5,2000.8,2001.0,2001.1,2001.2,0.002,0.2,87.456,113.079,95.936,0.1111027882811891
1771355118415,2026-02-17 19:05:18.415000,ETHUSDT,2000.7,2000.6,2000.5,2000.4,2000.3,114.634,13.897,110.096,20.272,29.809,2000.8,2001.0,2001.1,2001.2,2001.3,9.987,183.592,4.98,106.888,133.464,-0.2064308381172014
1771355119420,2026-02-17 19:05:19.420000,ETHUSDT,2001.0,2000.9,2000.8,2000.7,2000.6,81.87,169.127,9.758,126.134,111.924,2001.1,2001.2,2001.3,2001.4,2001.5,0.737,0.934,2.193,0.564,139.972,0.5510040997305714
1771355120426,2026-02-17 19:05:20.426000,ETHUSDT,2001.2,2001.1,2001.0,2000.9,2000.8,2.237,32.908,40.78,0.296,50.524,2001.3,2001.4,2001.5,2001.6,2001.7,96.643,100.761,130.534,112.915,40.14,-0.5828959189650803
1771355121429,2026-02-17 19:05:21.429000,ETHUSDT,2001.0,2000.9,2000.8,2000.7,2000.6,97.065,34.191,5.231,16.656,110.673,2001.1,2001.2,2001.3,2001.4,2001.5,18.534,95.817,83.112,137.73,159.363,-0.30425701370831193
1771355122433,2026-02-17 19:05:22.433000,ETHUSDT,2001.0,2000.9,2000.8,2000.7,2000.6,84.873,71.828,7.41,24.738,100.82,2001.1,2001.3,2001.4,2001.5,2001.6,1.309,9.722,161.105,91.618,117.479,-0.13647894923550685
1771355123435,2026-02-17 19:05:23.435000,ETHUSDT,2000.5,2000.4,2000.3,2000.2,2000.1,117.318,10.175,13.849,11.17,66.625,2000.6,2000.7,2000.8,2000.9,2001.0,18.216,0.119,184.357,1.83,6.129,0.01974461827691783
1771355124439,2026-02-17 19:05:24.439000,ETHUSDT,2000.5,2000.4,2000.3,2000.2,2000.1,67.042,20.918,51.343,95.817,66.625,2000.6,2000.7,2000.8,2000.9,2001.0,19.66,0.119,186.901,11.702,134.0,-0.07741157298200503
1771355125444,2026-02-17 19:05:25.444000,ETHUSDT,2000.5,2000.4,2000.3,2000.2,2000.1,92.895,46.24,20.578,96.017,138.564,2000.6,2000.7,2000.8,2000.9,2001.0,0.378,0.119,147.14,49.185,8.16,0.31590118743283563
1771355126446,2026-02-17 19:05:26.446000,ETHUSDT,2000.5,2000.4,2000.3,2000.2,2000.1,128.329,8.748,20.578,96.017,138.564,2000.6,2000.7,2000.8,2000.9,2001.0,1.474,0.119,183.682,7.333,12.704,0.31281838446451166
1771355127450,2026-02-17 19:05:27.450000,ETHUSDT,2000.5,2000.4,2000.3,2000.2,2000.1,131.166,136.849,207.47,111.834,122.22,2000.6,2001.0,2001.1,2001.2,2001.3,0.002,0.319,36.445,126.108,22.544,0.585638192672944
1771355128455,2026-02-17 19:05:28.455000,ETHUSDT,2000.5,2000.4,2000.3,2000.2,2000.1,129.0,136.849,206.635,124.434,135.72,2000.6,2001.0,2001.1,2001.2,2001.3,0.002,25.306,3.54,110.161,129.864,0.46306530831912973
1771355129460,2026-02-17 19:05:29.460000,ETHUSDT,2000.5,2000.4,2000.3,2000.2,2000.1,114.419,7.639,20.416,102.394,23.796,2000.6,2000.8,2000.9,2001.0,2001.1,18.856,185.8,7.053,115.15,153.286,-0.2824231546362291
1771355130465,2026-02-17 19:05:30.465000,ETHUSDT,2000.8,2000.5,2000.4,2000.3,2000.2,0.658,101.677,140.948,132.54,112.275,2000.9,2001.0,2001.1,2001.2,2001.3,25.827,14.509,82.225,116.844,9.849,0.3239212750490946
1771355131471,2026-02-17 19:05:31.471000,ETHUSDT,2000.8,2000.7,2000.6,2000.5,2000.4,76.308,39.281,10.486,65.899,99.357,2000.9,2001.0,2001.1,2001.2,2001.3,18.514,25.752,178.042,15.727,39.827,0.023663326850470845
1771355132477,2026-02-17 19:05:32.477000,ETHUSDT,2000.6,2000.5,2000.4,2000.3,2000.2,47.175,76.212,4.421,15.029,116.317,2000.7,2000.8,2000.9,2001.0,2001.1,18.876,26.065,3.982,44.421,155.702,0.019889807162534443
1771355133482,2026-02-17 19:05:33.482000,ETHUSDT,2000.8,2000.7,2000.6,2000.5,2000.4,109.569,9.747,43.301,109.076,18.81,2000.9,2001.1,2001.2,2001.3,2001.4,19.389,121.366,12.191,158.608,38.1,-0.09240077043600245
1771355134487,2026-02-17 19:05:34.487000,ETHUSDT,2001.1,2001.0,2000.9,2000.8,2000.7,104.98,1.966,11.901,65.122,101.248,2001.2,2001.3,2001.4,2001.5,2001.6,9.769,28.523,139.932,85.055,98.992,-0.11900452209152915
1771355135492,2026-02-17 19:05:35.492000,ETHUSDT,2001.3,2001.1,2001.0,2000.9,2000.8,103.188,15.48,33.846,107.718,147.111,2001.4,2001.5,2001.6,2001.7,2001.8,18.706,29.66,105.431,77.601,154.234,0.02737917336612127
1771355136497,2026-02-17 19:05:36.497000,ETHUSDT,2001.3,2001.2,2001.1,2001.0,2000.9,52.107,32.902,13.047,38.042,3.54,2001.4,2001.5,2001.6,2001.7,2001.8,102.656,20.655,100.434,158.895,170.031,-0.5966020953071532
1771355137502,2026-02-17 19:05:37.502000,ETHUSDT,2001.1,2001.0,2000.9,2000.8,2000.7,1.572,76.741,38.169,4.102,13.429,2001.2,2001.3,2001.4,2001.5,2001.6,176.662,48.172,99.753,322.243,174.17,-0.7193483230071213
1771355138508,2026-02-17 19:05:38.508000,ETHUSDT,2001.0,2000.9,2000.8,2000.7,2000.6,100.428,37.419,1.547,12.427,20.773,2001.1,2001.2,2001.3,2001.4,2001.5,62.964,99.557,46.632,134.176,213.926,-0.5270418949673152
1771355139514,2026-02-17 19:05:39.514000,ETHUSDT,2001.0,2000.9,2000.8,2000.7,2000.6,100.922,37.419,2.695,11.415,20.773,2001.1,2001.2,2001.3,2001.4,2001.5,12.992,124.542,46.865,135.787,222.466,-0.5160502656884712
1771355140520,2026-02-17 19:05:40.520000,ETHUSDT,2001.0,2000.9,2000.8,2000.7,2000.6,52.542,42.887,2.221,9.169,20.773,2001.1,2001.2,2001.3,2001.4,2001.5,52.2,105.371,42.911,135.831,334.39,-0.6803387219010516
1771355141525,2026-02-17 19:05:41.525000,ETHUSDT,2001.0,2000.9,2000.8,2000.7,2000.6,52.542,46.615,37.639,9.169,20.773,2001.1,2001.2,2001.3,2001.4,2001.5,52.2,105.371,42.911,135.831,334.39,-0.6017916486056927
1771355142531,2026-02-17 19:05:42.531000,ETHUSDT,2001.0,2000.9,2000.8,2000.7,2000.6,51.953,13.73,70.538,9.169,20.773,2001.1,2001.2,2001.3,2001.4,2001.5,52.2,105.371,42.911,135.829,334.39,-0.6028912702661364
1771355143535,2026-02-17 19:05:43.535000,ETHUSDT,2001.0,2000.9,2000.8,2000.7,2000.6,39.244,13.653,70.538,9.169,20.773,2001.1,2001.2,2001.3,2001.4,2001.5,52.2,140.164,11.287,135.829,328.539,-0.6265455395448725
1771355144541,2026-02-17 19:05:44.541000,ETHUSDT,2000.8,2000.7,2000.6,2000.5,2000.4,61.273,73.985,0.2,41.827,105.748,2000.9,2001.0,2001.1,2001.2,2001.3,5.865,0.4,26.856,178.965,12.514,0.11510874982516894
1771355145542,2026-02-17 19:05:45.542000,ETHUSDT,2000.8,2000.7,2000.6,2000.5,2000.4,87.083,37.715,7.995,41.827,105.748,2000.9,2001.0,2001.1,2001.2,2001.3,5.815,25.387,42.18,138.646,12.514,0.11056623952783663
1771355146546,2026-02-17 19:05:46.546000,ETHUSDT,2000.8,2000.7,2000.6,2000.5,2000.4,71.643,37.715,8.149,41.827,105.748,2000.9,2001.0,2001.1,2001.2,2001.3,11.862,158.685,10.552,138.646,118.741,-0.2464637391126373
1771355147551,2026-02-17 19:05:47.551000,ETHUSDT,2000.7,2000.5,2000.4,2000.3,2000.2,24.991,46.715,41.032,12.811,12.602,2000.8,2000.9,2001.0,2001.1,2001.2,122.341,6.144,103.723,126.555,143.065,-0.5682639586611434
1771355148555,2026-02-17 19:05:48.555000,ETHUSDT,2000.1,2000.0,1999.9,1999.8,1999.7,43.054,52.179,50.999,6.433,26.895,2000.2,2000.3,2000.4,2000.5,2000.6,11.882,194.433,4.055,106.976,52.047,-0.34580920406665056
1771355149559,2026-02-17 19:05:49.559000,ETHUSDT,2000.1,2000.0,1999.9,1999.8,1999.7,49.226,45.113,51.014,102.25,139.019,2000.2,2000.3,2000.4,2000.5,2000.6,5.827,26.271,4.411,144.953,54.365,0.2422608117291537
1771355150563,2026-02-17 19:05:50.563000,ETHUSDT,2000.1,2000.0,1999.9,1999.8,1999.7,47.53,44.913,51.014,102.25,139.019,2000.2,2000.3,2000.4,2000.5,2000.6,11.65,30.347,37.804,107.463,54.365,0.2284598989391
1771355151567,2026-02-17 19:05:51.567000,ETHUSDT,1999.9,1999.7,1999.6,1999.5,1999.4,0.015,33.055,43.272,42.94,103.821,2000.0,2000.1,2000.2,2000.3,2000.4,115.869,99.892,112.124,159.268,112.236,-0.4574950273072565
1771355152572,2026-02-17 19:05:52.572000,ETHUSDT,2000.0,1999.9,1999.7,1999.6,1999.5,115.737,15.82,134.897,143.918,96.017,2000.1,2000.2,2000.3,2000.4,2000.5,68.577,0.12,38.753,96.442,13.382,0.3995160730892694
1771355153576,2026-02-17 19:05:53.576000,ETHUSDT,1999.9,1999.8,1999.7,1999.6,1999.5,30.305,9.053,75.56,20.487,96.017,2000.0,2000.1,2000.2,2000.3,2000.4,114.395,5.153,97.447,197.131,222.026,-0.46650775611071793
1771355154580,2026-02-17 19:05:54.580000,ETHUSDT,1999.9,1999.7,1999.6,1999.5,1999.4,14.052,34.312,90.898,96.017,87.184,2000.0,2000.1,2000.2,2000.3,2000.4,114.968,5.153,214.369,216.408,208.366,-0.4037996647952765
1771355155586,2026-02-17 19:05:55.586000,ETHUSDT,1999.9,1999.8,1999.7,1999.6,1999.5,14.052,32.162,2.148,90.898,96.017,2000.0,2000.1,2000.2,2000.3,2000.4,114.396,5.153,214.369,200.115,208.366,-0.5187014921098606
1771355156591,2026-02-17 19:05:56.591000,ETHUSDT,1999.9,1999.8,1999.7,1999.6,1999.5,71.531,38.968,96.171,53.82,96.017,2000.0,2000.2,2000.3,2000.4,2000.5,2.712,97.447,80.429,138.932,5.506,0.04619145367869209
1771355157596,2026-02-17 19:05:57.596000,ETHUSDT,1999.9,1999.8,1999.7,1999.6,1999.5,68.99,38.968,96.171,69.574,96.017,2000.0,2000.1,2000.2,2000.3,2000.4,3.078,24.998,97.447,93.127,101.679,0.07157607648152534
1771355158603,2026-02-17 19:05:58.603000,ETHUSDT,2000.2,2000.1,2000.0,1999.9,1999.8,100.578,16.47,95.817,49.506,14.733,2000.3,2000.5,2000.6,2000.7,2000.8,30.482,43.955,140.023,117.776,61.376,-0.1737069042635035
1771355159608,2026-02-17 19:05:59.608000,ETHUSDT,2000.2,2000.1,2000.0,1999.9,1999.8,62.716,49.339,32.909,16.398,19.199,2000.3,2000.4,2000.5,2000.6,2000.7,21.689,123.098,118.989,177.511,117.776,-0.5117492131136901
1771355160613,2026-02-17 19:06:00.613000,ETHUSDT,2000.5,2000.3,2000.2,2000.1,1999.9,115.591,134.303,31.955,95.817,192.315,2000.6,2000.8,2000.9,2001.0,2001.1,0.044,95.817,46.381,172.703,116.624,0.13819779342019872
1771355161619,2026-02-17 19:06:01.619000,ETHUSDT,2000.8,2000.7,2000.6,2000.5,2000.4,0.4,86.536,0.325,15.288,0.154,2000.9,2001.0,2001.1,2001.2,2001.3,62.076,172.29,112.078,127.558,262.34,-0.7551907227860246
1771355162625,2026-02-17 19:06:02.625000,ETHUSDT,2001.3,2001.1,2001.0,2000.9,2000.8,116.8,4.998,41.849,129.092,10.607,2001.4,2001.6,2001.7,2001.8,2001.9,3.103,130.638,156.623,141.334,5.541,-0.18079356184637824
1771355163630,2026-02-17 19:06:03.630000,ETHUSDT,2001.3,2001.2,2001.1,2001.0,2000.9,98.648,7.717,37.907,25.971,111.496,2001.4,2001.6,2001.7,2001.8,2001.9,20.466,127.219,161.071,152.143,94.522,-0.32691719623488946
1771355164633,2026-02-17 19:06:04.633000,ETHUSDT,2001.5,2001.4,2001.3,2001.2,2001.1,14.446,95.097,20.147,4.998,149.882,2001.6,2001.7,2001.8,2001.9,2002.0,10.506,0.121,165.991,8.297,256.626,-0.21618044624031313
1771355165638,2026-02-17 19:06:05.638000,ETHUSDT,2001.3,2001.2,2001.1,2001.0,2000.9,63.194,43.231,2.698,21.938,45.184,2001.4,2001.5,2001.6,2001.7,2001.8,116.345,94.997,101.124,9.244,251.851,-0.529891731994676
1771355166643,2026-02-17 19:06:06.643000,ETHUSDT,2001.2,2001.1,2001.0,2000.9,2000.8,7.733,67.24,57.528,7.089,129.739,2001.3,2001.4,2001.5,2001.6,2001.7,21.866,185.53,9.674,101.124,84.562,-0.19852697203478728
1771355167647,2026-02-17 19:06:07.647000,ETHUSDT,2001.2,2001.1,2001.0,2000.9,2000.8,18.474,67.244,48.782,7.089,129.739,2001.3,2001.4,2001.5,2001.6,2001.7,20.891,184.159,11.131,101.124,84.562,-0.19390963985175172
1771355168651,2026-02-17 19:06:08.651000,ETHUSDT,2001.2,2001.1,2001.0,2000.9,2000.8,49.978,75.49,7.436,8.993,129.739,2001.3,2001.4,2001.5,2001.6,2001.7,20.891,146.686,11.131,171.847,84.562,-0.2313127782973685
1771355169655,2026-02-17 19:06:09.655000,ETHUSDT,2001.0,2000.9,2000.8,2000.7,2000.6,0.016,24.988,8.493,71.396,6.889,2001.1,2001.2,2001.3,2001.4,2001.5,74.258,143.831,117.427,149.381,10.843,-0.6320067421426715
1771355170659,2026-02-17 19:06:10.659000,ETHUSDT,2001.0,2000.9,2000.8,2000.7,2000.6,0.016,24.988,46.966,33.056,6.889,2001.1,2001.2,2001.3,2001.4,2001.5,65.627,143.831,118.128,149.381,24.585,-0.6351392984463711
1771355171661,2026-02-17 19:06:11.661000,ETHUSDT,2001.3,2001.2,2001.1,2001.0,2000.9,112.952,1.681,7.093,110.235,26.412,2001.4,2001.5,2001.6,2001.7,2001.8,38.345,5.519,126.104,42.666,112.481,-0.11438452890205113
1771355172667,2026-02-17 19:06:12.667000,ETHUSDT,2001.2,2001.1,2001.0,2000.9,2000.8,0.2,12.683,85.736,10.547,106.424,2001.4,2001.5,2001.6,2001.7,2001.8,84.375,4.864,140.888,211.261,182.578,-0.4864190119539375
1771355173673,2026-02-17 19:06:13.673000,ETHUSDT,2001.0,2000.9,2000.8,2000.7,2000.6,8.292,29.302,38.204,37.486,108.447,2001.1,2001.2,2001.3,2001.4,2001.5,108.975,8.744,183.459,38.1,137.421,-0.3650587746803545
1771355174678,2026-02-17 19:06:14.678000,ETHUSDT,2000.8,2000.7,2000.6,2000.5,2000.4,88.337,3.77,15.122,28.87,117.846,2000.9,2001.0,2001.1,2001.2,2001.3,12.277,99.551,88.036,38.204,97.668,-0.13870380765193382
1771355175679,2026-02-17 19:06:15.679000,ETHUSDT,2000.8,2000.7,2000.6,2000.5,2000.4,43.159,43.542,45.329,28.87,22.029,2000.9,2001.0,2001.1,2001.2,2001.3,14.212,97.791,87.451,38.204,97.668,-0.2940579444481964
1771355176681,2026-02-17 19:06:16.681000,ETHUSDT,2000.7,2000.6,2000.5,2000.4,2000.3,24.991,37.488,0.154,37.11,14.251,2000.8,2000.9,2001.0,2001.1,2001.2,214.561,10.806,128.725,19.312,197.64,-0.6671892654130135
1771355177685,2026-02-17 19:06:17.685000,ETHUSDT,2000.6,2000.5,2000.4,2000.3,2000.2,28.429,0.154,38.442,43.585,33.853,2000.7,2000.8,2000.9,2001.0,2001.1,126.911,129.116,21.523,186.551,2.508,-0.5271817396313363
1771355178690,2026-02-17 19:06:18.690000,ETHUSDT,2000.0,1999.9,1999.8,1999.7,1999.6,62.694,5.981,6.403,42.303,18.911,2000.1,2000.2,2000.3,2000.4,2000.5,112.274,95.817,5.406,164.865,192.492,-0.614529389970388
1771355179695,2026-02-17 19:06:19.695000,ETHUSDT,2000.0,1999.9,1999.8,1999.7,1999.6,73.635,6.023,3.532,12.247,18.911,2000.1,2000.2,2000.3,2000.4,2000.5,100.488,130.288,7.485,119.486,212.128,-0.6657580934870649
1771355180701,2026-02-17 19:06:20.701000,ETHUSDT,2000.0,1999.9,1999.8,1999.7,1999.6,63.267,5.008,4.567,12.447,18.911,2000.1,2000.2,2000.3,2000.4,2000.5,109.809,131.566,118.11,119.286,212.128,-0.7378942748009996
1771355181707,2026-02-17 19:06:21.707000,ETHUSDT,1999.1,1999.0,1998.9,1998.8,1998.7,0.043,64.421,17.41,11.133,103.096,1999.2,1999.3,1999.4,1999.5,1999.6,0.754,116.174,4.777,106.193,101.125,-0.25312020353210474
1771355182710,2026-02-17 19:06:22.710000,ETHUSDT,1999.1,1999.0,1998.9,1998.8,1998.7,108.305,10.944,142.306,138.202,104.987,1999.2,1999.4,1999.5,1999.6,1999.7,0.363,25.328,4.57,78.981,81.253,0.4520013980803724
1771355183712,2026-02-17 19:06:23.712000,ETHUSDT,1999.8,1999.7,1999.6,1999.5,1999.4,113.329,1.938,15.808,25.492,96.774,1999.9,2000.0,2000.1,2000.2,2000.3,2.819,32.904,30.87,176.951,48.035,-0.07017176833296626
1771355184714,2026-02-17 19:06:24.714000,ETHUSDT,2000.0,1999.9,1999.8,1999.6,1999.5,1.309,32.361,43.859,144.331,21.335,2000.1,2000.2,2000.3,2000.4,2000.5,51.707,132.464,201.833,107.852,124.661,-0.43555387414820734
1771355185718,2026-02-17 19:06:25.718000,ETHUSDT,2000.0,1999.9,1999.8,1999.7,1999.6,109.731,0.325,6.053,38.43,116.731,2000.1,2000.2,2000.3,2000.4,2000.5,12.024,34.649,39.249,145.663,123.161,-0.1333448346368144
1771355186719,2026-02-17 19:06:26.719000,ETHUSDT,2000.0,1999.9,1999.8,1999.7,1999.6,100.489,0.325,4.453,38.43,116.731,2000.1,2000.2,2000.3,2000.4,2000.5,46.764,131.163,123.324,145.544,198.269,-0.42478122390921186
1771355187724,2026-02-17 19:06:27.724000,ETHUSDT,2000.0,1999.9,1999.8,1999.7,1999.6,69.129,4.421,37.857,38.43,131.3,2000.1,2000.2,2000.3,2000.4,2000.5,45.771,131.163,123.324,145.662,198.269,-0.39235037165280123
1771355188736,2026-02-17 19:06:28.736000,ETHUSDT,2000.0,1999.9,1999.8,1999.7,1999.6,31.199,4.424,38.057,38.431,131.36,2000.1,2000.2,2000.3,2000.4,2000.5,21.766,131.218,153.318,145.544,198.269,-0.45506979742296766
1771355189741,2026-02-17 19:06:29.741000,ETHUSDT,1999.8,1999.7,1999.6,1999.5,1999.4,56.773,32.911,53.577,18.655,104.008,1999.9,2000.0,2000.1,2000.2,2000.3,5.722,50.4,11.131,130.466,175.368,-0.16770133847461158
1771355190743,2026-02-17 19:06:30.743000,ETHUSDT,2000.2,2000.1,2000.0,1999.9,1999.8,116.092,3.03,7.509,130.612,6.3,2000.3,2000.4,2000.5,2000.6,2000.7,3.018,11.421,10.612,158.705,199.825,-0.18549458836328123
1771355191749,2026-02-17 19:06:31.749000,ETHUSDT,2000.3,2000.2,2000.1,2000.0,1999.9,51.755,50.592,37.485,20.622,111.73,2000.4,2000.6,2000.7,2000.8,2000.9,2.838,134.034,39.485,175.102,181.564,-0.32394030354927356
1771355192749,2026-02-17 19:06:32.749000,ETHUSDT,2000.6,2000.5,2000.3,2000.2,2000.1,20.951,87.477,26.495,37.955,128.729,2000.7,2000.8,2000.9,2001.0,2001.1,6.584,128.729,166.429,219.346,0.2,-0.26696115543295323
1771355193754,2026-02-17 19:06:33.754000,ETHUSDT,2000.6,2000.5,2000.4,2000.3,2000.2,19.485,88.889,7.118,25.6,30.394,2000.7,2000.8,2000.9,2001.0,2001.1,21.329,154.537,173.873,188.129,0.2,-0.5166372115441532
1771355194755,2026-02-17 19:06:34.755000,ETHUSDT,2000.8,2000.7,2000.6,2000.5,2000.4,63.265,5.357,48.305,52.61,4.099,2000.9,2001.0,2001.1,2001.2,2001.3,45.442,172.265,111.924,146.618,122.655,-0.5504802340331892
1771355195759,2026-02-17 19:06:35.759000,ETHUSDT,2000.8,2000.7,2000.6,2000.5,2000.4,2.221,4.445,42.462,38.215,51.499,2000.9,2001.0,2001.1,2001.2,2001.3,46.317,135.379,153.411,153.208,123.075,-0.629869160473027
1771355196765,2026-02-17 19:06:36.765000,ETHUSDT,2000.8,2000.7,2000.6,2000.5,2000.3,37.316,0.725,19.747,90.707,115.562,2000.9,2001.0,2001.1,2001.2,2001.3,45.644,135.011,153.411,153.208,123.075,-0.39603113427858455
1771355197767,2026-02-17 19:06:37.767000,ETHUSDT,2000.8,2000.7,2000.6,2000.5,2000.3,37.351,9.727,48.305,53.217,115.562,2000.9,2001.0,2001.1,2001.2,2001.3,21.331,159.998,115.932,223.647,123.075,-0.4182382769271426
1771355198772,2026-02-17 19:06:38.772000,ETHUSDT,2000.6,2000.5,2000.4,2000.3,2000.2,86.586,34.175,7.905,41.407,17.803,2000.7,2000.8,2000.9,2001.0,2001.1,21.913,185.242,132.133,134.53,191.194,-0.5594357055088124
1771355199777,2026-02-17 19:06:39.777000,ETHUSDT,2000.6,2000.5,2000.4,2000.3,2000.2,106.653,0.046,9.289,137.624,17.803,2000.7,2000.8,2000.9,2001.0,2001.1,0.619,25.19,16.368,171.929,116.086,-0.09769999351736265
1771355200782,2026-02-17 19:06:40.782000,ETHUSDT,2000.6,2000.5,2000.4,2000.3,2000.2,104.876,9.109,33.062,137.624,17.803,2000.7,2000.8,2000.9,2001.0,2001.1,5.708,25.19,16.368,171.811,116.086,-0.05126584561435429
1771355201784,2026-02-17 19:06:41.784000,ETHUSDT,2000.6,2000.5,2000.4,2000.3,2000.2,107.84,9.309,33.062,137.424,17.803,2000.7,2000.8,2000.9,2001.0,2001.1,5.708,24.99,16.368,134.53,153.565,-0.046398761159477324
1771355202788,2026-02-17 19:06:42.788000,ETHUSDT,2000.6,2000.5,2000.4,2000.3,2000.2,41.571,1.086,42.892,57.223,17.803,2000.7,2000.8,2000.9,2001.0,2001.1,115.435,96.017,127.838,140.109,131.722,-0.5838387136903652
1771355203792,2026-02-17 19:06:43.792000,ETHUSDT,2000.6,2000.5,2000.4,2000.3,2000.2,41.571,1.086,46.827,53.214,17.803,2000.7,2000.8,2000.9,2001.0,2001.1,115.435,96.017,127.838,140.109,131.722,-0.5839906067997025
1771355204797,2026-02-17 19:06:44.797000,ETHUSDT,2000.9,2000.8,2000.7,2000.6,2000.5,23.558,87.465,43.665,5.306,116.476,2001.0,2001.1,2001.3,2001.4,2001.5,3.164,24.986,43.582,97.478,140.557,-0.056797847969336485
1771355205803,2026-02-17 19:06:45.803000,ETHUSDT,2001.1,2001.0,2000.9,2000.8,2000.7,81.06,5.66,15.438,4.099,43.265,2001.2,2001.3,2001.4,2001.5,2001.6,174.809,81.71,96.636,142.991,102.102,-0.6000855878144349
1771355206807,2026-02-17 19:06:46.807000,ETHUSDT,2001.1,2001.0,2000.9,2000.8,2000.7,27.534,5.66,19.537,37.485,43.265,2001.2,2001.3,2001.4,2001.5,2001.6,175.299,82.562,99.447,142.991,102.512,-0.637423739494657
1771355207809,2026-02-17 19:06:47.809000,ETHUSDT,2001.0,2000.9,2000.8,2000.7,2000.6,27.321,23.426,38.517,43.265,20.659,2001.1,2001.2,2001.3,2001.4,2001.5,21.783,150.835,77.013,99.447,142.791,-0.525040422784343
1771355208810,2026-02-17 19:06:48.810000,ETHUSDT,2000.6,2000.5,2000.4,2000.3,2000.2,0.122,87.876,10.482,38.903,17.803,2000.7,2000.8,2000.9,2001.0,2001.1,164.901,42.613,144.807,14.051,117.583,-0.514391972976229
1771355209813,2026-02-17 19:06:49.813000,ETHUSDT,1999.9,1999.7,1999.6,1999.5,1999.4,34.272,45.674,56.51,26.334,0.501,2000.0,2000.1,2000.2,2000.3,2000.4,12.929,111.341,88.079,107.104,32.905,-0.3666583276608701
1771355210818,2026-02-17 19:06:50.818000,ETHUSDT,1999.9,1999.8,1999.6,1999.5,1999.4,82.114,6.802,56.113,122.301,0.501,2000.0,2000.1,2000.2,2000.3,2000.4,20.823,183.312,36.539,109.06,4.876,-0.13941722990612773
1771355211822,2026-02-17 19:06:51.822000,ETHUSDT,1999.4,1999.3,1999.2,1999.1,1999.0,27.341,23.033,44.766,39.671,11.066,1999.5,1999.6,1999.7,1999.8,1999.9,21.436,190.756,122.232,128.923,128.121,-0.6043181956885854
1771355212827,2026-02-17 19:06:52.827000,ETHUSDT,1999.5,1999.4,1999.3,1999.2,1999.1,82.67,37.511,117.16,14.956,101.163,1999.6,1999.7,1999.8,1999.9,2000.0,3.019,0.68,144.147,48.573,95.817,0.09481861433244126
1771355213833,2026-02-17 19:06:53.833000,ETHUSDT,1999.7,1999.6,1999.5,1999.4,1999.3,106.831,6.607,15.066,16.942,111.956,1999.8,1999.9,2000.0,2000.1,2000.2,3.019,67.718,39.207,99.916,123.259,-0.12822067293119135
1771355214837,2026-02-17 19:06:54.837000,ETHUSDT,1999.4,1999.3,1999.2,1999.1,1999.0,62.64,6.38,2.477,11.934,45.415,1999.5,1999.6,1999.7,1999.8,1999.9,71.532,133.724,5.309,134.524,9.805,-0.4672923471286227
1771355215838,2026-02-17 19:06:55.838000,ETHUSDT,1999.3,1999.1,1998.7,1998.6,1998.5,0.016,0.043,29.811,11.408,47.831,1999.4,1999.5,1999.6,1999.7,1999.8,244.744,172.498,188.134,272.758,243.907,-0.8528522478636008
1771355216842,2026-02-17 19:06:56.842000,ETHUSDT,1998.7,1998.3,1998.2,1998.1,1998.0,0.194,28.486,4.234,39.826,1.891,1998.8,1998.9,1999.0,1999.1,1999.2,216.639,164.988,101.323,12.665,472.648,-0.8568771131102491
1771355217845,2026-02-17 19:06:57.845000,ETHUSDT,1998.3,1998.2,1998.1,1998.0,1997.9,54.091,12.335,37.535,2.091,128.39,1998.4,1998.5,1998.6,1998.7,1998.8,12.593,126.641,70.437,113.031,134.434,-0.32200850807862597
1771355218850,2026-02-17 19:06:58.850000,ETHUSDT,1998.5,1998.4,1998.3,1998.2,1998.1,75.849,48.238,139.309,23.889,106.532,1998.6,1998.7,1998.8,1998.9,1999.0,2.888,120.833,49.526,147.079,5.824,0.09398625214766783
1771355219854,2026-02-17 19:06:59.854000,ETHUSDT,1998.7,1998.6,1998.5,1998.4,1998.3,88.347,0.102,15.305,20.531,139.361,1998.8,1999.0,1999.1,1999.2,1999.3,2.888,134.155,68.844,153.732,118.749,-0.2893772893772895
1771355220860,2026-02-17 19:07:00.860000,ETHUSDT,1998.9,1998.8,1998.7,1998.6,1998.5,86.121,3.211,13.338,47.67,106.126,1999.0,1999.1,1999.2,1999.3,1999.4,3.067,5.306,155.494,117.819,190.356,-0.29591438940958775
1771355221866,2026-02-17 19:07:01.866000,ETHUSDT,1998.9,1998.8,1998.7,1998.6,1998.5,75.759,1.333,5.66,32.915,121.082,1999.0,1999.1,1999.2,1999.3,1999.4,20.534,5.306,156.703,155.744,152.845,-0.3494843250476383
1771355222871,2026-02-17 19:07:02.871000,ETHUSDT,1999.1,1999.0,1998.9,1998.8,1998.7,2.532,26.034,7.804,37.676,43.531,1999.2,1999.3,1999.4,1999.5,1999.6,191.371,121.021,145.968,193.152,100.1,-0.7294558490731015
1771355223875,2026-02-17 19:07:03.875000,ETHUSDT,1999.5,1999.4,1999.3,1999.2,1999.1,82.516,0.325,20.756,2.495,15.752,1999.6,1999.7,1999.8,1999.9,2000.0,140.182,42.814,132.983,40.006,234.258,-0.6577833888274888
1771355224878,2026-02-17 19:07:04.878000,ETHUSDT,1999.5,1999.4,1999.3,1999.2,1999.1,27.738,4.341,15.686,75.429,31.528,1999.6,1999.7,1999.8,1999.9,2000.0,142.109,46.865,128.733,40.206,234.258,-0.5856916586445449
1771355225884,2026-02-17 19:07:05.884000,ETHUSDT,1999.3,1999.2,1999.1,1999.0,1998.9,42.932,83.766,16.106,5.309,16.242,1999.4,1999.5,1999.6,1999.7,1999.8,11.918,189.214,5.506,117.813,206.198,-0.5270386933024845
1771355226890,2026-02-17 19:07:06.890000,ETHUSDT,1999.6,1999.5,1999.4,1999.3,1999.2,22.412,87.521,1.701,11.666,7.865,1999.7,1999.8,1999.9,2000.0,2000.1,11.84,131.376,30.086,163.435,5.0,-0.4452761883011703
1771355227895,2026-02-17 19:07:07.895000,ETHUSDT,1999.6,1999.5,1999.4,1999.3,1999.2,0.695,0.941,29.647,10.769,52.168,1999.7,1999.8,1999.9,2000.0,2000.1,52.167,170.276,112.124,125.757,19.629,-0.6718062326163021
1771355228897,2026-02-17 19:07:08.897000,ETHUSDT,1999.5,1999.4,1999.3,1999.2,1999.1,2.21,26.369,6.116,37.914,53.268,1999.6,1999.7,1999.8,1999.9,2000.0,134.486,127.573,169.079,111.924,125.757,-0.683207163493965
1771355229900,2026-02-17 19:07:09.900000,ETHUSDT,1999.7,1999.5,1999.4,1999.3,1999.2,107.439,0.2,18.647,115.11,119.223,1999.8,2000.0,2000.1,2000.2,2000.3,3.154,169.91,2.088,245.391,91.797,-0.17380083142507266
1771355230906,2026-02-17 19:07:10.906000,ETHUSDT,1999.4,1999.3,1999.2,1999.1,1999.0,40.899,47.555,37.914,14.156,12.537,1999.5,1999.6,1999.7,1999.8,1999.9,12.897,184.368,3.954,142.72,131.041,-0.5125764082281252
1771355231910,2026-02-17 19:07:11.910000,ETHUSDT,1999.9,1999.8,1999.7,1999.6,1999.5,18.198,88.588,8.615,43.374,19.471,2000.0,2000.1,2000.2,2000.3,2000.4,30.736,4.192,170.933,16.393,288.83,-0.48284276036151047
1771355232916,2026-02-17 19:07:12.916000,ETHUSDT,1999.9,1999.8,1999.7,1999.6,1999.5,105.701,4.373,12.724,43.374,21.362,2000.0,2000.2,2000.3,2000.4,2000.5,31.427,175.149,16.393,288.83,33.233,-0.488007906454845
1771355233922,2026-02-17 19:07:13.922000,ETHUSDT,1999.9,1999.8,1999.7,1999.6,1999.5,36.857,0.928,41.446,43.582,5.432,2000.0,2000.1,2000.2,2000.3,2000.4,41.969,37.891,133.912,18.645,304.449,-0.6143651210098765
1771355234926,2026-02-17 19:07:14.926000,ETHUSDT,1999.9,1999.8,1999.7,1999.6,1999.5,50.413,39.676,8.44,154.079,117.356,2000.0,2000.1,2000.2,2000.3,2000.4,0.59,0.393,33.309,33.299,214.552,0.13467268408405375
1771355235927,2026-02-17 19:07:15.927000,ETHUSDT,2000.1,2000.0,1999.9,1999.8,1999.7,80.583,4.231,49.997,96.017,26.501,2000.2,2000.3,2000.4,2000.5,2000.6,101.308,41.089,128.733,165.006,109.025,-0.35867362833181726
1771355236930,2026-02-17 19:07:16.930000,ETHUSDT,2000.1,2000.0,1999.9,1999.8,1999.7,55.052,42.054,49.997,112.355,12.512,2000.2,2000.3,2000.4,2000.5,2000.6,0.226,0.272,128.733,84.018,109.625,-0.08557537774609812
1771355237932,2026-02-17 19:07:17.932000,ETHUSDT,1999.9,1999.8,1999.7,1999.6,1999.5,32.076,46.435,43.692,15.353,8.972,2000.0,2000.1,2000.2,2000.3,2000.4,117.557,91.949,97.337,124.356,208.161,-0.6271020807036117
1771355238937,2026-02-17 19:07:18.937000,ETHUSDT,1999.9,1999.8,1999.7,1999.6,1999.5,42.725,8.851,81.397,15.353,8.972,2000.0,2000.1,2000.2,2000.3,2000.4,12.992,40.245,95.817,126.376,170.545,-0.47851801754761103
1771355239939,2026-02-17 19:07:19.939000,ETHUSDT,1999.9,1999.8,1999.7,1999.6,1999.5,51.599,46.554,43.892,127.196,8.972,2000.0,2000.1,2000.2,2000.3,2000.4,2.838,24.998,95.817,20.194,170.663,-0.061237711376140334
1771355240944,2026-02-17 19:07:20.944000,ETHUSDT,2000.2,2000.1,2000.0,1999.9,1999.8,107.948,4.035,4.908,24.768,119.405,2000.3,2000.4,2000.5,2000.6,2000.7,5.657,128.733,15.765,129.929,164.581,-0.2601579359782581
1771355241949,2026-02-17 19:07:21.949000,ETHUSDT,2000.2,2000.1,2000.0,1999.9,1999.8,104.402,5.037,6.058,28.664,115.33,2000.3,2000.4,2000.5,2000.6,2000.7,47.157,128.733,58.331,100.993,127.397,-0.2812899008727299
1771355242951,2026-02-17 19:07:22.951000,ETHUSDT,2000.2,2000.1,2000.0,1999.9,1999.8,100.179,4.543,6.058,28.664,115.33,2000.3,2000.4,2000.5,2000.6,2000.7,45.4,96.398,22.345,171.398,143.558,-0.30567277989515895
1771355243955,2026-02-17 19:07:23.955000,ETHUSDT,2000.2,2000.1,2000.0,1999.9,1999.8,103.065,3.587,6.058,28.664,115.33,2000.3,2000.4,2000.5,2000.6,2000.7,11.656,96.398,48.409,170.266,143.558,-0.29379043206862254
1771355244956,2026-02-17 19:07:24.956000,ETHUSDT,2000.4,2000.3,2000.2,2000.1,2000.0,112.964,6.289,13.932,26.53,131.821,2000.5,2000.6,2000.7,2000.8,2000.9,5.583,32.917,16.556,126.055,195.214,-0.1269560582216958
1771355245960,2026-02-17 19:07:25.960000,ETHUSDT,2000.6,2000.5,2000.4,2000.3,2000.2,112.711,8.046,13.705,39.997,119.706,2000.7,2000.8,2000.9,2001.0,2001.1,12.052,95.817,73.726,144.508,162.371,-0.24827410849702097
1771355246984,2026-02-17 19:07:26.984000,ETHUSDT,2001.2,2001.1,2001.0,2000.9,2000.8,112.86,1.823,3.538,2.399,134.807,2001.3,2001.4,2001.5,2001.6,2001.7,8.992,126.241,5.942,174.972,4.599,-0.1133669922054662
1771355247989,2026-02-17 19:07:27.989000,ETHUSDT,2001.3,2001.2,2001.1,2001.0,2000.9,0.554,79.546,8.824,32.916,7.076,2001.4,2001.5,2001.6,2001.7,2001.8,146.382,15.854,173.287,112.078,263.045,-0.6928970105840904
1771355248994,2026-02-17 19:07:28.994000,ETHUSDT,2001.1,2001.0,2000.9,2000.8,2000.7,25.14,0.154,49.004,51.352,16.756,2001.2,2001.3,2001.4,2001.5,2001.6,126.487,186.415,132.665,140.319,110.251,-0.6603489624264947
1771355249999,2026-02-17 19:07:29.999000,ETHUSDT,2001.1,2001.0,2000.9,2000.8,2000.7,0.122,29.717,6.948,88.837,16.956,2001.2,2001.3,2001.4,2001.5,2001.6,125.34,67.923,132.665,140.319,110.451,-0.6035468900758816
1771355251005,2026-02-17 19:07:31.005000,ETHUSDT,2001.1,2001.0,2000.9,2000.8,2000.7,68.132,7.569,41.55,56.55,11.958,2001.2,2001.3,2001.4,2001.5,2001.6,12.054,27.565,137.274,157.395,115.449,-0.41538892455656695
1771355252008,2026-02-17 19:07:32.008000,ETHUSDT,2001.1,2001.0,2000.9,2000.8,2000.7,3.713,5.226,31.384,89.034,11.958,2001.2,2001.3,2001.4,2001.5,2001.6,117.49,74.648,132.665,119.924,125.147,-0.6025950907564656
1771355253010,2026-02-17 19:07:33.010000,ETHUSDT,2000.8,2000.7,2000.6,2000.5,2000.4,25.144,15.087,37.642,12.16,10.131,2000.9,2001.0,2001.1,2001.2,2001.3,109.357,100.881,122.656,132.468,285.078,-0.7644873525165647
1771355254013,2026-02-17 19:07:34.013000,ETHUSDT,2000.6,2000.5,2000.4,2000.3,2000.2,44.152,43.497,9.237,46.786,99.557,2000.7,2000.8,2000.9,2001.0,2001.1,6.309,121.107,12.158,135.478,161.89,-0.28480043988938075
1771355255017,2026-02-17 19:07:35.017000,ETHUSDT,2000.9,2000.8,2000.7,2000.6,2000.5,112.22,0.2,3.541,54.17,31.638,2001.0,2001.1,2001.2,2001.3,2001.4,30.676,3.539,138.675,42.452,103.532,-0.22492379615206584
1771355256022,2026-02-17 19:07:36.022000,ETHUSDT,2000.9,2000.8,2000.7,2000.6,2000.5,2.839,0.2,39.369,49.171,51.712,2001.0,2001.1,2001.2,2001.3,2001.4,47.065,47.512,137.755,136.494,108.603,-0.5383071272071144
1771355257023,2026-02-17 19:07:37.023000,ETHUSDT,2000.9,2000.8,2000.7,2000.6,2000.5,0.322,28.822,51.846,48.002,14.222,2001.0,2001.1,2001.2,2001.3,2001.4,147.946,159.436,137.755,135.41,104.623,-0.6542328195619425
1771355258028,2026-02-17 19:07:38.028000,ETHUSDT,2000.9,2000.8,2000.7,2000.6,2000.5,28.021,38.748,13.383,48.002,14.222,2001.0,2001.1,2001.2,2001.3,2001.4,146.09,10.033,175.232,136.494,104.623,-0.601660772639778
1771355259029,2026-02-17 19:07:39.029000,ETHUSDT,2000.9,2000.8,2000.7,2000.6,2000.5,38.98,38.748,13.284,48.002,15.391,2001.0,2001.1,2001.2,2001.3,2001.4,133.365,10.033,137.752,162.712,120.739,-0.5705042795192252
1771355260033,2026-02-17 19:07:40.033000,ETHUSDT,2000.9,2000.8,2000.7,2000.6,2000.5,38.98,40.954,11.108,48.002,17.157,2001.0,2001.1,2001.2,2001.3,2001.4,142.11,10.033,139.518,162.712,120.739,-0.572820392909739
1771355261038,2026-02-17 19:07:41.038000,ETHUSDT,2001.3,2001.2,2001.1,2000.9,2000.8,9.064,17.387,87.592,29.952,18.835,2001.4,2001.5,2001.6,2001.7,2001.8,171.303,13.528,145.589,116.922,122.009,-0.5552192695522008
1771355262042,2026-02-17 19:07:42.042000,ETHUSDT,2001.1,2000.8,2000.7,2000.6,2000.5,36.398,34.041,3.541,133.545,124.433,2001.2,2001.3,2001.4,2001.5,2001.6,9.084,24.983,128.874,46.315,62.66,0.09942802637636323
1771355263048,2026-02-17 19:07:43.048000,ETHUSDT,2001.3,2001.2,2001.1,2001.0,2000.9,63.784,46.854,44.425,14.524,4.707,2001.4,2001.5,2001.6,2001.7,2001.8,0.176,95.935,42.142,135.956,13.218,-0.24502459277355815
1771355264050,2026-02-17 19:07:44.050000,ETHUSDT,2001.3,2001.2,2001.1,2001.0,2000.9,50.257,46.886,44.225,14.524,4.707,2001.4,2001.5,2001.6,2001.7,2001.8,9.056,120.996,11.898,173.409,9.119,-0.3378412087153173
1771355265053,2026-02-17 19:07:45.053000,ETHUSDT,2001.3,2001.2,2001.1,2001.0,2000.9,48.707,41.576,7.242,4.633,20.237,2001.4,2001.5,2001.6,2001.7,2001.8,10.0,120.808,12.243,173.609,9.686,-0.4544960233185735
1771355266059,2026-02-17 19:07:46.059000,ETHUSDT,2001.3,2001.2,2001.1,2001.0,2000.9,46.307,38.252,8.622,16.934,8.806,2001.4,2001.5,2001.6,2001.7,2001.8,22.965,169.044,5.505,136.141,47.159,-0.5240637537895084
1771355267065,2026-02-17 19:07:47.065000,ETHUSDT,2001.4,2001.3,2001.2,2001.1,2001.0,145.833,40.132,100.815,144.121,138.309,2001.5,2001.8,2001.9,2002.0,2002.1,0.01,30.563,104.25,42.083,214.808,0.18471387955759241
1771355268068,2026-02-17 19:07:48.068000,ETHUSDT,2001.4,2001.3,2001.2,2001.1,2001.0,151.137,40.45,100.815,184.098,138.509,2001.5,2001.8,2001.9,2002.0,2002.1,0.012,5.464,0.043,42.853,230.239,0.37644412613862716
1771355269074,2026-02-17 19:07:49.074000,ETHUSDT,2001.7,2001.6,2001.5,2001.4,2001.3,73.504,47.259,34.984,33.62,1.891,2001.8,2001.9,2002.0,2002.1,2002.2,16.155,95.86,37.575,269.855,51.158,-0.422059918925575
1771355270078,2026-02-17 19:07:50.078000,ETHUSDT,2001.7,2001.6,2001.5,2001.4,2001.3,80.522,38.972,9.591,66.355,1.891,2001.8,2001.9,2002.0,2002.1,2002.2,10.11,124.223,54.161,120.471,51.158,-0.29202768300164683
1771355271083,2026-02-17 19:07:51.083000,ETHUSDT,2001.7,2001.6,2001.5,2001.4,2001.3,83.748,42.729,9.602,64.942,1.891,2001.8,2001.9,2002.0,2002.1,2002.2,0.545,95.86,81.646,125.922,46.128,-0.26615830007612834
1771355272088,2026-02-17 19:07:52.088000,ETHUSDT,2001.7,2001.6,2001.5,2001.4,2001.3,7.961,27.744,71.506,23.077,1.891,2001.8,2001.9,2002.0,2002.1,2002.2,28.351,189.358,8.417,207.741,123.632,-0.6166935874422558
1771355273096,2026-02-17 19:07:53.096000,ETHUSDT,2001.6,2001.5,2001.4,2001.3,2001.2,62.007,42.84,20.008,53.756,98.4,2001.7,2001.9,2002.0,2002.1,2002.2,0.176,128.755,33.06,137.926,51.149,-0.11790751770881597
1771355274096,2026-02-17 19:07:54.096000,ETHUSDT,2001.8,2001.7,2001.6,2001.5,2001.4,2.824,94.262,3.822,11.72,48.802,2001.9,2002.0,2002.1,2002.2,2002.3,158.79,42.25,110.401,51.349,233.305,-0.5737962443483713
1771355275097,2026-02-17 19:07:55.097000,ETHUSDT,2001.8,2001.7,2001.6,2001.5,2001.4,6.013,93.255,0.804,9.268,48.802,2001.9,2002.0,2002.1,2002.2,2002.3,125.323,42.25,143.294,51.349,232.304,-0.5797795026187053
1771355276102,2026-02-17 19:07:56.102000,ETHUSDT,2001.7,2001.6,2001.5,2001.4,2001.3,0.375,1.249,25.352,80.22,19.342,2001.8,2001.9,2002.0,2002.1,2002.2,57.91,134.257,165.189,109.317,13.691,-0.5830035162184339
1771355277107,2026-02-17 19:07:57.107000,ETHUSDT,2001.3,2001.2,2001.1,2001.0,2000.9,2.656,26.054,6.383,48.491,21.076,2001.4,2001.5,2001.6,2001.7,2001.8,120.75,94.504,96.944,37.89,122.529,-0.6374011089996656
1771355278108,2026-02-17 19:07:58.108000,ETHUSDT,2001.4,2001.3,2001.2,2001.1,2001.0,125.848,0.325,5.152,31.135,128.708,2001.5,2001.7,2001.8,2001.9,2002.0,0.226,131.809,41.348,140.386,160.388,-0.23909972887335448
1771355279114,2026-02-17 19:07:59.114000,ETHUSDT,2001.6,2001.5,2001.4,2001.3,2001.2,3.024,51.031,50.808,33.044,114.465,2001.7,2001.8,2001.9,2002.0,2002.1,92.439,13.718,135.182,48.618,152.353,-0.2734171894478337
1771355280117,2026-02-17 19:08:00.117000,ETHUSDT,2001.3,2001.2,2001.1,2001.0,2000.9,2.656,1.069,37.867,32.89,125.284,2001.4,2001.5,2001.6,2001.7,2001.8,24.946,187.549,113.251,139.21,348.007,-0.6054897213370999
1771355281123,2026-02-17 19:08:01.123000,ETHUSDT,2001.3,2001.2,2001.1,2001.0,2000.9,14.613,92.632,16.304,33.044,20.449,2001.4,2001.5,2001.6,2001.7,2001.8,16.89,133.006,25.334,145.398,122.529,-0.4290800210900049
1771355282128,2026-02-17 19:08:02.128000,ETHUSDT,2001.3,2001.2,2001.1,2001.0,2000.9,11.541,88.62,20.295,33.044,20.249,2001.4,2001.5,2001.6,2001.7,2001.8,50.616,166.381,4.453,107.93,122.529,-0.444587937819064
1771355283130,2026-02-17 19:08:03.130000,ETHUSDT,2001.3,2001.2,2001.1,2001.0,2000.9,12.729,89.878,12.439,6.177,53.139,2001.4,2001.5,2001.6,2001.7,2001.8,25.634,157.99,38.268,107.93,122.529,-0.44356667246411047
1771355284136,2026-02-17 19:08:04.136000,ETHUSDT,2001.3,2001.2,2001.1,2001.0,2000.9,24.38,89.01,5.551,20.191,37.888,2001.4,2001.5,2001.6,2001.7,2001.8,8.498,133.252,25.654,145.978,10.605,-0.29334320678154197
1771355285138,2026-02-17 19:08:05.138000,ETHUSDT,2001.3,2001.2,2001.1,2001.0,2000.9,79.042,46.468,18.562,113.023,144.814,2001.4,2001.5,2001.6,2001.7,2001.8,0.644,0.003,4.195,167.026,10.759,0.3751385714481229
1771355286142,2026-02-17 19:08:06.142000,ETHUSDT,2001.4,2001.3,2001.2,2001.1,2001.0,80.637,48.968,133.706,32.046,95.817,2001.5,2001.6,2001.7,2001.8,2001.9,0.418,35.853,111.114,48.874,149.074,0.062241092073802504
1771355287147,2026-02-17 19:08:07.147000,ETHUSDT,2001.4,2001.3,2001.2,2001.1,2001.0,77.552,45.605,37.889,31.846,96.931,2001.5,2001.6,2001.7,2001.8,2001.9,110.521,39.566,102.023,160.195,223.982,-0.3741067475785813
1771355288151,2026-02-17 19:08:08.151000,ETHUSDT,2000.7,2000.6,2000.5,2000.4,2000.3,27.615,41.291,9.113,3.505,8.08,2000.8,2000.9,2001.0,2001.1,2001.2,112.613,10.562,39.939,141.9,148.123,-0.6698093565807632
1771355289155,2026-02-17 19:08:09.155000,ETHUSDT,2001.0,2000.9,2000.8,2000.7,2000.6,91.914,39.126,10.808,54.596,101.121,2001.2,2001.3,2001.4,2001.5,2001.6,0.254,7.641,79.076,149.839,0.154,0.11337270756123616
1771355290156,2026-02-17 19:08:10.156000,ETHUSDT,2001.3,2001.2,2001.1,2001.0,2000.9,72.849,39.635,11.035,39.003,5.303,2001.4,2001.5,2001.6,2001.7,2001.8,8.559,63.193,4.099,102.231,48.848,-0.1497257792808198
1771355291161,2026-02-17 19:08:11.161000,ETHUSDT,2001.8,2001.7,2001.6,2001.5,2001.4,103.896,20.467,2.171,10.603,116.974,2001.9,2002.0,2002.1,2002.2,2002.3,0.471,0.126,168.21,38.746,253.659,-0.28952095766527847
1771355292167,2026-02-17 19:08:12.167000,ETHUSDT,2001.8,2001.7,2001.6,2001.5,2001.4,92.528,38.396,1.314,17.492,115.86,2001.9,2002.0,2002.1,2002.2,2002.3,8.599,49.95,166.369,3.227,106.571,-0.11515127285084611
1771355293167,2026-02-17 19:08:13.167000,ETHUSDT,2001.2,2001.1,2001.0,2000.9,2000.8,4.693,34.543,37.481,7.694,15.606,2001.3,2001.4,2001.5,2001.6,2001.7,121.074,63.87,101.119,116.922,129.972,-0.6839775409416501
1771355294172,2026-02-17 19:08:14.172000,ETHUSDT,2001.5,2001.4,2001.3,2001.2,2001.1,4.893,4.818,102.648,0.2,10.656,2001.6,2001.7,2001.8,2001.9,2002.0,25.032,155.15,170.781,116.618,199.632,-0.6882321982520861
1771355295178,2026-02-17 19:08:15.178000,ETHUSDT,2001.2,2001.1,2001.0,2000.9,2000.8,35.705,42.783,2.48,12.407,111.623,2001.3,2001.4,2001.5,2001.6,2001.7,115.449,0.2,96.017,6.107,129.063,-0.25703019386264714
1771355296179,2026-02-17 19:08:16.179000,ETHUSDT,2000.7,2000.6,2000.5,2000.4,2000.3,38.221,42.965,22.447,104.819,9.846,2000.8,2000.9,2001.0,2001.2,2001.3,8.418,109.686,96.525,5.302,245.63,-0.3615701482323111
1771355297182,2026-02-17 19:08:17.182000,ETHUSDT,2000.4,2000.3,2000.2,2000.1,2000.0,152.24,83.023,102.986,122.659,136.379,2000.5,2000.8,2000.9,2001.0,2001.1,0.4,0.325,138.872,72.059,106.473,0.3049520655090145
1771355298187,2026-02-17 19:08:18.187000,ETHUSDT,2000.7,2000.6,2000.5,2000.4,2000.3,112.698,3.629,15.332,113.696,160.422,2000.8,2000.9,2001.0,2001.1,2001.2,6.767,99.088,62.618,106.847,44.532,0.11841450658669929
1771355299196,2026-02-17 19:08:19.196000,ETHUSDT,2000.9,2000.8,2000.7,2000.6,2000.5,109.45,0.786,8.7,130.081,127.832,2001.0,2001.2,2001.3,2001.4,2001.5,25.031,38.026,140.74,9.645,101.319,0.08977313804022494
1771355300200,2026-02-17 19:08:20.200000,ETHUSDT,2000.6,2000.5,2000.4,2000.3,2000.2,54.537,42.794,7.761,52.395,101.976,2000.7,2000.8,2000.9,2001.0,2001.1,109.303,88.34,95.817,5.768,247.101,-0.3560050236289266
1771355301202,2026-02-17 19:08:21.202000,ETHUSDT,2000.6,2000.5,2000.4,2000.3,2000.2,54.608,42.794,97.581,49.614,101.976,2000.7,2000.8,2000.9,2001.0,2001.1,109.303,93.845,95.877,0.2,247.101,-0.2237128723405447
1771355302207,2026-02-17 19:08:22.207000,ETHUSDT,2000.6,2000.5,2000.4,2000.3,2000.2,0.793,24.993,48.075,9.853,6.159,2000.7,2000.8,2000.9,2001.0,2001.1,111.148,10.808,128.711,0.354,214.208,-0.6761928438377091
1771355303211,2026-02-17 19:08:23.211000,ETHUSDT,2000.5,2000.4,2000.3,2000.2,2000.1,27.705,10.597,79.081,8.949,10.935,2000.6,2000.7,2000.8,2000.9,2001.0,206.509,2.967,9.35,129.091,113.108,-0.541137103621643
1771355304213,2026-02-17 19:08:24.213000,ETHUSDT,2000.1,2000.0,1999.9,1999.8,1999.7,3.541,71.353,43.619,3.394,16.756,2000.2,2000.4,2000.5,2000.6,2000.7,0.258,213.263,33.395,213.045,150.326,-0.6297135990386541
1771355305218,2026-02-17 19:08:25.218000,ETHUSDT,1999.5,1999.4,1999.3,1999.2,1999.1,53.503,49.752,121.661,6.124,228.224,1999.6,1999.8,1999.9,2000.0,2000.1,2.824,87.908,128.713,16.038,133.009,0.1096603346879999
1771355306221,2026-02-17 19:08:26.221000,ETHUSDT,1999.4,1999.3,1999.2,1999.1,1999.0,96.05,9.492,16.833,11.876,106.324,1999.5,1999.6,1999.7,1999.8,1999.9,21.56,132.607,38.202,154.425,101.279,-0.3013121362437704
1771355307225,2026-02-17 19:08:27.225000,ETHUSDT,1999.9,1999.8,1999.7,1999.6,1999.5,11.473,96.26,0.141,6.426,4.998,2000.0,2000.1,2000.2,2000.3,2000.4,60.64,29.097,138.771,16.719,138.448,-0.525628612271434
1771355308230,2026-02-17 19:08:28.230000,ETHUSDT,1999.7,1999.6,1999.5,1999.4,1999.3,55.994,43.165,4.998,111.952,161.959,1999.8,2000.0,2000.1,2000.2,2000.3,6.836,175.758,1.008,216.585,131.297,-0.16867204953647516
1771355309235,2026-02-17 19:08:29.235000,ETHUSDT,1999.7,1999.6,1999.5,1999.4,1999.3,52.326,44.657,6.854,111.952,161.959,1999.8,2000.0,2000.1,2000.2,2000.3,6.836,175.758,1.008,215.127,131.297,-0.16774880091300265
1771355310240,2026-02-17 19:08:30.240000,ETHUSDT,1999.9,1999.7,1999.6,1999.5,1999.4,115.386,10.456,106.628,3.109,102.661,2000.0,2000.1,2000.2,2000.3,2000.4,2.476,4.949,35.722,14.375,134.398,0.27599215331220767
1771355311242,2026-02-17 19:08:31.242000,ETHUSDT,1999.7,1999.6,1999.5,1999.4,1999.3,47.28,45.878,33.164,5.198,17.808,1999.8,1999.9,2000.0,2000.1,2000.2,13.346,29.989,112.092,153.521,139.178,-0.5001188376008865
1771355312246,2026-02-17 19:08:32.246000,ETHUSDT,2000.3,2000.2,2000.1,1999.9,1999.8,3.797,86.493,15.105,10.302,130.417,2000.4,2000.5,2000.6,2000.7,2000.8,80.453,10.989,183.9,41.694,213.736,-0.36640897120040766
1771355313250,2026-02-17 19:08:33.250000,ETHUSDT,2000.5,2000.4,2000.3,2000.2,2000.1,22.926,87.807,6.107,4.998,42.448,2000.6,2000.7,2000.8,2000.9,2001.0,19.102,30.826,172.013,122.801,229.703,-0.5552210479863442
1771355314251,2026-02-17 19:08:34.251000,ETHUSDT,2000.5,2000.4,2000.3,2000.2,2000.1,112.873,3.131,12.612,106.118,144.831,2000.6,2000.7,2000.8,2000.9,2001.0,6.925,30.826,172.247,13.783,7.989,0.24175779237243078
1771355315251,2026-02-17 19:08:35.251000,ETHUSDT,2000.7,2000.6,2000.5,2000.4,2000.3,0.453,49.985,7.059,5.827,38.323,2000.8,2000.9,2001.0,2001.1,2001.2,169.142,45.881,173.863,266.041,106.534,-0.7644628482182994
1771355316257,2026-02-17 19:08:36.257000,ETHUSDT,2000.7,2000.6,2000.5,2000.4,2000.3,3.077,24.992,7.082,5.788,75.817,2000.8,2000.9,2001.0,2001.1,2001.2,169.145,89.091,173.863,233.132,106.534,-0.7371902296062783
1771355317259,2026-02-17 19:08:37.259000,ETHUSDT,2000.3,2000.2,2000.1,2000.0,1999.9,19.996,32.006,1.079,43.115,13.124,2000.4,2000.5,2000.6,2000.7,2000.8,106.266,3.697,176.696,37.486,101.124,-0.5910129089824147
1771355318264,2026-02-17 19:08:38.264000,ETHUSDT,2000.5,2000.4,2000.3,2000.2,2000.1,105.814,0.236,0.339,5.304,6.864,2000.6,2000.7,2000.8,2000.9,2001.0,137.075,77.036,107.622,122.532,247.078,-0.707230522286702
1771355319265,2026-02-17 19:08:39.265000,ETHUSDT,2000.5,2000.4,2000.3,2000.2,2000.1,105.991,1.986,8.392,48.513,1.543,2000.6,2000.7,2000.8,2000.9,2001.0,180.405,39.534,102.624,122.902,251.656,-0.6145544070611176
1771355320271,2026-02-17 19:08:40.271000,ETHUSDT,2000.2,2000.1,2000.0,1999.9,1999.8,121.537,0.978,9.665,48.668,98.897,2000.3,2000.4,2000.5,2000.6,2000.7,12.948,96.017,65.895,106.578,154.519,-0.21826402608907058
